3012 4936
755 249 794 316 tt

203 404 385 470 Bianooliui
419 407 591 472 maximam
622 407 697 476 huic
726 408 830 474 ordini
861 409 1038 476 attribuunt
1064 412 1297 478 auctoritatem
1335 423 1376 480 et

203 541 272 583 non
290 517 468 602 immerito,
492 519 569 604 quia
591 543 630 588 ex
654 547 691 588 eo
714 522 835 610 optime
856 519 1067 589 demonstrari
1090 533 1210 610 potest,
1241 525 1374 590 Zeno-

203 655 276 696 nem
309 641 423 716 quarto
454 633 584 698 saeculo
614 633 744 700 vixisse.
788 633 841 698 Ex
877 634 989 719 primis
1025 643 1149 720 septem
1184 636 1373 722 episcopis

204 741 341 808 duorum
371 754 494 810 tantum
526 755 614 810 aetas
641 755 726 812 certe
753 755 785 811 et
808 755 878 812 rute
906 746 1003 812 statui
1035 755 1157 832 potest,
1196 745 1372 814 videlicet

206 857 311 940 quarti
334 855 464 922 Proculi
487 867 518 922 et
541 857 624 922 sexti
646 857 776 926 Lucilli.
821 857 955 924 Veteres
978 855 1124 924 historici
1150 859 1371 926 conabantur

204 966 334 1054 quidem
363 967 562 1053 singulorum
591 969 814 1056 episcoporum
842 979 977 1036 aemtem
1009 968 1192 1056 designare,
1226 969 1292 1038 sed
1326 981 1370 1038 ut

199 1084 267 1165 jam
290 1078 442 1165 Msffejus
466 1077 710 1164 demonstravit,
733 1104 829 1166 quern
845 1081 989 1148 maxime
1011 1081 1113 1148 secuti
1137 1091 1211 1148 sunt
1233 1084 1368 1150 fratres

202 1189 370 1274 Ballerinii
385 1203 417 1256 et
433 1191 624 1273 Biancolini‚
647 1192 726 1258 nihil
750 1193 828 1258 certi
851 1195 991 1280 proferre
1013 1203 1191 1281 potuerant.
1219 1194 1365 1281 liupre-

203 1303 291 1388 pium
318 1302 411 1368 multi
438 1304 471 1371 S.
494 1304 583 1370 Petri
605 1305 758 1390 Apostoli
784 1304 977 1392 discipulum
1000 1328 1071 1372 esse
1095 1306 1214 1374 volunt.
1259 1305 1363 1374 Pan-

202 1415 309 1480 vinius
332 1440 384 1502 op.
408 1419 461 1482 cit.
484 1417 558 1485 Lib.
574 1416 633 1481 IV.
656 1398 726 1502 cap.
741 1417 785 1482 11.
808 1418 1065 1504 pag.104.hauc
1092 1441 1163 1486 esse
1189 1423 1363 1506 majorum

203 1538 402 1595 constantem
417 1531 605 1615 firmumque
620 1528 824 1595 traditionem
841 1521 966 1608 scribit3
988 1528 1075 1595 idem
1091 1529 1205 1596 Tinurs
1219 1531 1297 1598 Lib.
1310 1532 1361 1598 V.

203 1662 271 1725 cap.
287 1640 349 1705 IX.
379 1639 633 1727 Chronologiae3
667 1640 827 1728 Ughellus
856 1665 907 1728 op.
936 1641 989 1708 cit.
1018 1640 1109 1706 Tom.
1127 1642 1168 1707 V;
1191 1667 1265 1732 pag.
1282 1646 1360 1710 677

202 1749 442 1838 inscriptionem
459 1752 588 1837 quidem
605 1751 765 1836 quendam
782 1753 869 1834 citat,
893 1775 988 1836 quam
1004 1752 1037 1816 in
1052 1753 1161 1820 tabula
1175 1755 1359 1840 sepulcrali

203 1871 384 1928 contentam
419 1887 490 1930 esse
523 1865 650 1930 asserit:
695 1864 874 1950 (Euprepio
895 1867 900 1946 Ι
920 1863 1067 1930 Veronae
1087 1869 1091 1950 Ι
1110 1867 1153 1931 A'.
1183 1863 1310 1933 Christi
1348 1868 1356 1956 l

202 1974 289 2040 Anu.
304 1973 453 2040 LXXII.
475 1978 478 2061 l
498 1975 643 2040 Praesuli
663 1979 667 2062 l
687 1971 831 2064 Primo);
856 1975 1007 2063 Maffojus
1037 1987 1142 2045 nmen
1168 1977 1200 2042 iu
1223 2001 1353 2046 memo·

202 2095 271 2149 rata
293 2085 429 2170 epistola
451 2086 492 2153 ad
509 2085 659 2155 Coletum
683 2088 735 2172 „in
758 2087 892 2154 dubium
915 2097 1008 2155 vocat
1030 2087 1127 2154 fidem
1148 2089 1244 2176 hujus
1260 2092 1350 2158 unici

202 2199 399 2265 monumenti
422 2208 454 2264 et
476 2179 638 2266 observet:
685 2200 880 2284 „Populares
903 2200 1053 2283 fabellae,
1076 2225 1134 2266 uec
1156 2225 1220 2269 non
1243 2203 1343 2270 histo·

201 2309 300 2376 riolae
325 2309 450 2377 decim'o
475 2321 566 2377 sexto
590 2311 819 2396 utplurimum
847 2311 975 2377 saeculo
1005 2314 1211 2380 concinnatae
1237 2319 1343 2404 cujus·

202 2420 281 2487 libet
300 2423 371 2488 tere
394 2420 508 2488 Italiae
536 2423 674 2489 civitatis
696 2423 863 2489 Pastorem
890 2424 1028 2508 primum
1051 2425 1092 2494 ab
1115 2427 1348 2514 Apostolorum

200 2681 304 2753 Martyr
331 2682 453 2738 inclinis:
481 2683 527 2753 qui
554 2683 803 2753 praedicationibus
830 2685 886 2742 suis
904 2685 1040 2742 Veronam
1067 2686 1196 2756 produiit
1222 2686 1258 2742 ad
1281 2680 1348 2741 fidei

201 2776 378 2844 baptismum:
398 2782 425 2832 et
443 2794 459 2831 a
477 2779 548 2833 malo
567 2779 664 2848 spiritu
677 2779 785 2836 Galieni
799 2781 922 2836 Caesaris
940 2777 1023 2836 filieiu
1041 2782 1155 2836 sanavit.
1182 2781 1273 2836 Boves
1285 2794 1347 2836 cum

200 2870 309 2926 homine
328 2877 468 2941 mergente
486 2887 521 2925 ex
539 2870 637 2926 Athesi
656 2874 765 2929 flumine
783 2875 906 2943 reduxit3
927 2874 951 2928 si
969 2874 1079 2942 quidem
1097 2874 1196 2928 multos
1214 2874 1249 2929 ab
1267 2872 1346 2929 hoste

199 2962 330 3033 pestifero
348 2964 482 3020 liberavit.
519 2966 653 3021 Mortuum
672 2984 689 3020 a
707 2968 816 3038 flumine
834 2970 989 3036 exemptum
1008 2964 1157 3020 suscitavit.
1187 2964 1239 3018 Per
1251 2963 1345 3017 crebra

195 3059 302 3131 jejunia
320 3058 392 3114 idola
410 3059 494 3114 multa
512 3061 654 3120 destnnrit.
681 3061 742 3116 Non
755 3075 825 3130 queo
844 3063 918 3114 muta
937 3057 1018 3127 hujus
1036 3055 1121 3111 sancti
1139 3071 1256 3136 narrare²
1274 3070 1344 3123 quae

199 3135 342 3210 Veniendo
360 3154 468 3224 aSyria
485 3171 572 3225 nsque
590 3155 618 3209 in
637 3154 741 3209 ltaliam
760 3151 892 3210 mirabilia
909 3155 958 3220 per
976 3150 1064 3218 ipsum
1083 3149 1257 3219 omnipotens
1268 3150 1344 3206 Deus

199 3247 333 3303 ostenditt
354 3254 404 3303 etc.
441 3249 587 3320 Videmus,
608 3255 775 3320 quantopere
789 3246 922 3301 'diversus
944 3244 988 3299 hic
1010 3249 1052 3300 est
1074 3249 1165 3300 textus
1184 3260 1200 3299 a
1221 3245 1343 3302 Mablllo-

198 3342 292 3398 niano:
315 3353 399 3412 qnare
417 3343 498 3399 etism
517 3345 583 3399 illud
604 3344 759 3413 „Caesariat
778 3343 921 3410 insertum,
947 3355 1003 3395 uon
1025 3345 1116 3410 potest
1137 3341 1241 3411 aliquid
1259 3342 1343 3397 otien-

199 3438 284 3494 sionis
301 3437 409 3494 hsbere.
446 3438 525 3504 Quod
543 3443 632 3498 antem
651 3441 755 3492 tantum
773 3433 932 3505 simpliciter
950 3435 985 3492 de
997 3436 1139 3508 enjusdam
1152 3436 1259 3492 Gulieni
1271 3434 1343 3492 lilios

164 3564 169 3575 ·
198 3533 337 3589 sanatione
355 3533 383 3588 in
401 3532 453 3589 hoc
470 3533 597 3606 rhythmo
616 3533 712 3605 agian,
731 3533 812 3588 etiam
830 3535 921 3586 textus
939 3530 1102 3587 Biancolinii
1120 3531 1147 3612 in
1166 3547 1210 3600 op.
1224 3531 1268 3587 cit.
1281 3531 1342 3586 Dis·

199 3627 345 3696 sertahone
363 3629 396 3682 11.
415 3644 478 3699 pag.
492 3631 543 3683 115
561 3628 740 3698 demonstrat,
758 3627 805 3697 qui
823 3624 879 3681 iere
898 3625 970 3681 idem
990 3626 1049 3695 ipse
1066 3632 1109 3682 est.
1126 3641 1157 3680 ac
1176 3625 1342 3682 Mobillonia-

197 3737 257 3777 nus.
286 3721 339 3777 Hie
356 3738 446 3778 aurem
466 3723 628 3780 Bianeolinii
646 3707 737 3778 textus
755 3720 956 3778 accuratissime
975 3720 1127 3789 descriptus
1146 3719 1234 3796 accipi
1251 3721 1342 3790 debet,

198 3816 262 3887 quia
279 3833 342 3887 pag.
362 3818 412 3871 119
439 3819 519 3873 datm
540 3797 724 3874 testimonium
747 3817 825 3872 Pauli
847 3815 884 3871 du
902 3816 980 3887 Bois,
1005 3813 1163 3871 Monasterii
1181 3812 1342 3872 Lobbiensis

196 3912 225 3966 in
243 3911 334 3966 Patria
351 3911 487 3968 Leodensi
505 3913 577 3967 tertii
595 3913 697 3969 Prioris
716 3913 761 3981 (de
773 3913 814 3966 20.
828 3913 894 3966 Dee.
907 3911 985 3979 1752)
1004 3909 1078 3979 quod
1097 3909 1340 3980 manusigilloque

196 3999 331 4061 firmatum
350 4005 412 4077 fuit,
436 4022 469 4061 ex
487 4023 542 4078 quo
564 4011 668 4062 tantum
691 4012 829 4094 notamus,
851 4019 921 4076 quae
938 4003 1083 4073 perpaucis
1102 4003 1249 4058 immutatis
1267 3988 1340 4073 'apud

196 4099 382 4156 Mahilloninm
399 4100 538 4171 leguntur:

334 4213 336 4216 ·
352 4207 409 4257 „Qut
422 4205 502 4259 (zano)
516 4207 628 4249 Veronam
641 4207 790 4258 praedicando
803 4203 893 4247 reduxit
906 4177 953 4243 io

350 4285 465 4334 sapum
477 4295 492 4325 a
504 4285 563 4326 mals
576 4286 665 4335 spiritui
678 4283 768 4326 sanavit

310 4403 313 4409 ⁴
351 4363 441 4406 Galloni
454 4362 535 4416 fllium,
549 4363 618 4409 boves
631 4373 682 4407 oum
694 4357 784 4406 numne
798 4363 935 4414 mergentem
949 4357 1040 4404 ssimi
1052 4369 1065 4410 s
1079 4331 1229 4410 pensasse:
