3012 4936
773 227 809 290 14

219 386 329 454 Sancti
352 395 427 472 post
448 384 632 452 invasorum
654 381 834 452 discessum
856 383 890 448 in
905 400 1045 450 veterem
1060 385 1167 452 locum
1183 387 1247 452 sint
1263 387 1372 452 relata

218 523 258 564 ex
280 507 471 563 testamento
492 496 630 562 Notkeri
664 504 697 560 et
729 519 770 561 ex
800 494 975 582 diplomate
997 496 1149 585 Hugonis
1171 497 1275 584 Regis
1298 499 1370 563 Ita·

218 610 279 675 liae
296 609 342 694 33)
365 632 393 674 a.
416 611 480 674 926
507 607 608 692 edito,
636 607 749 673 elucet.
772 647 813 656 —
858 606 989 674 Praeter
1010 607 1068 674 has
1092 609 1213 674 Zenoni
1236 609 1370 676 dicatas

218 721 381 804 eeclesias,
404 729 516 808 portae
537 720 646 808 plures
657 720 806 786 Veronae
828 717 955 786 nomine
971 719 1225 786 Zenonianarum
1248 721 1369 808 appel-

219 833 301 900 latae
323 841 412 897 erant
428 833 483 918 33).

316 943 484 1028 Reliquiae
511 943 649 1010 Zenonis
683 943 716 1008 in
749 943 859 1008 multis
893 943 1162 1010 conservabantur
1194 944 1372 1022 ecclesiis3

217 1057 261 1120 ita
287 1056 424 1120 testibus
445 1055 587 1121 Perettio
614 1065 647 1121 et
667 1055 820 1141 Bagatta,
847 1078 958 1120 omnes
973 1056 1050 1147 'fere
1076 1055 1230 1121 ecclesiae
1253 1057 1371 1120 Vero-

218 1190 331 1234 nenses
354 1167 527 1254 particulas
550 1165 706 1252 quasdam
729 1163 938 1253 possidebant
960 1166 1103 1254 corperis
1124 1166 1256 1232 Patroni
1284 1189 1373 1232 suae

218 1280 321 1362 urbis,
365 1279 501 1344 eeclesia
537 1301 666 1364 quoque
689 1278 819 1360 Ulmae
856 1280 889 1344 in
925 1277 1095 1344 Alemania
1112 1278 1178 1363 ³¹),
1223 1278 1372 1343 eeclesia

219 1390 440 1460 S.Salvatoris
464 1391 504 1457 de
519 1377 634 1458 Monte
649 1392 780 1456 Amiato
803 1389 987 1458 dioeceseos
1010 1387 1163 1458 Clusinae
1176 1391 1234 1476 33),
1256 1390 1372 1454 ecele—
1432 1376 1437 1388 ⁵

209 1507 285 1592 ¹siae
307 1504 412 1574 Ticini
429 1505 474 1591 ³³)
497 1513 529 1570 et
550 1501 714 1572 Caesenae
732 1505 777 1589 ³³)
809 1503 842 1567 in
869 1503 1105 1590 possessionem
1131 1501 1370 1587 particularum

218 1617 417 1704 quarundam
440 1627 602 1682 venerunt.

321 1730 452 1793 Praeter
478 1727 559 1793 duas
590 1727 741 1793 ecclesias
764 1727 967 1792 Veronenses
990 1726 1197 1792 inhonorem
1220 1726 1367 1792 Zenonis

220 1849 414 1922 exstructas,
437 1863 519 1924 quse
538 1849 613 1904 sunt
640 1839 850 1921 clarissimae,
872 1839 1050 1926 permultas
1072 1838 1242 1904 memoriae
1264 1837 1365 1925 hujus

220 1953 331 2020 Sancti
368 1961 510 2017 sacratae
546 1959 649 2015 erant:
686 1951 834 2016 Veronae
870 1952 904 2016 in
940 1951 1054 2017 Monte
1090 1948 1363 2038 Congregationis

219 2063 396 2130 Fesulanae
413 2064 472 2151 33),
494 2064 626 2151 triginta
647 2087 705 2130 sex
726 2064 759 2128 in
782 2061 921 2130 dioecesi
938 2064 999 2150 ³³),
1022 2063 1154 2128 Pistorii
1175 2063 1208 2126 in
1229 2063 1362 2128 Etruria

220 2176 357 2242 ecclesia
387 2172 606 2258 Cathedralis,
641 2175 813 2241 Ravennae
850 2177 956 2260 (extra
991 2184 1117 2260 portam
1153 2171 1356 2258 Adrianam),

149 2289 151 2294 ’
221 2286 385 2357 Caesenae
416 2288 659 2373 (monasterium
690 2286 724 2353 S.
747 2286 913 2351 Laurentii
946 2295 978 2350 et
1009 2286 1042 2354 S.
1066 2286 1237 2373 Zenonis),
1272 2266 1353 2350 Pisis

221 2401 463 2484 monasterium,
496 2400 529 2463 in
553 2398 670 2466 Castro
701 2398 819 2462 montis
843 2395 956 2466 Casuli
983 2397 1141 2464 dioecesis
1168 2396 1357 2486 Reginensis

221 2515 254 2579 in
280 2513 438 2597 Aemilia,
475 2513 595 2596 Ticini,
628 2511 807 2578 Mediolani
840 2509 904 2577 dno
936 2518 968 2575 et
997 2535 1111 2577 novem
1142 2511 1296 2582 eeclesiae
1327 2510 1361 2573 in

222 2625 377 2710 dioecesi,
399 2626 511 2692 altaria
532 2650 628 2712 quarn
649 2625 807 2712 plurima,
830 2665 872 2674 -
894 2625 927 2689 in
947 2623 1187 2691 Novocomensi
1209 2622 1360 2703 dioecesi,

223 2737 368 2804 Mandeli
390 2748 422 2802 et
437 2737 590 2822 Salonini,
613 2742 645 2804 in
664 2737 827 2804 Brixiensi
849 2737 1012 2803 sexdecim
1034 2735 1196 2814 ecelesiae,
1219 2732 1361 2812 quinque

225 2911 429 2922 0———-...-

292 2976 325 3044 ²⁹)
348 2972 486 3046 Ugleellue
503 2990 548 3044 cp.
567 2975 611 3028 cit.
629 2989 693 3043 pag.
707 2975 765 3026 727.
801 2967 1003 3026 Muraenae:
1017 2963 1213 3033 -Antiqurrates
1229 2962 1359 3016 Estenses

220 3087 284 3142 pag.
297 3072 356 3126 129.
392 3065 551 3143 Maffejcs:
568 3069 678 3124 Verona
695 3065 828 3120 illustrata
844 3064 953 3118 Tom.1.
972 3077 1034 3131 pag.
1047 3061 1106 3114 670.

292 3165 325 3235 ³⁰)
343 3147 532 3220 Porta'antica
550 3164 578 3220 di
596 3163 624 3219 S.
642 3163 750 3216 Zenone
774 3160 849 3214 detta
870 3156 917 3228 poi
941 3156 984 3210 de’
1001 3153 1123 3224 Borsari,
1143 3184 1176 3192 -
1194 3150 1360 3208 Pietasorma

220 3260 276 3316 aS.
288 3263 404 3331 Zenone,
422 3260 558 3316 Balvardo
577 3259 604 3314 S.
617 3259 717 3325 Zenon,
734 3252 869 3330 Rondella
887 3251 914 3306 S.
927 3251 1019 3304 Zenon
1037 3249 1065 3304 in
1082 3250 1182 3304 Monte.
1210 3245 1358 3305 001000-

221 3353 362 3412 coriatam
380 3372 424 3424 op.
444 3355 488 3410 eit.
506 3354 621 3409 Dissert.
633 3351 667 3406 H.
685 3367 748 3420 pag.
761 3349 802 3404 56.
820 3347 849 3400 10
866 3345 966 3401 tabula

292 3452 326 3521 33)
344 3451 498 3507 chronicon
520 3443 668 3503 Hermoni
693 3438 847 3501 Contracta
870 3457 905 3496 ex
929 3440 1024 3496 codiee
1045 3438 1180 3510 Augiensi
1201 3437 1286 3509 Typis
1305 3436 1360 3492 San

221 3547 356 3604 Blasianis
375 3546 443 3624 1‘l90
459 3545 502 3600 ad.
520 3541 677 3605 Ussermani
694 3540 771 3596 Tom.
783 3539 804 3593 Ι
822 3541 888 3592 sset.
900 3537 948 3594 VI.
965 3551 1029 3607 pag.
1040 3536 1098 3590 130.

292 3643 326 3712 33)
348 3615 486 3714 Upliellus
501 3640 578 3693 Tem.
591 3638 624 3693 V.
642 3652 706 3706 pag.
719 3633 778 3688 669.

292 3736 378 3806 33)Ρ.
396 3731 583 3790 Romaanus
600 3727 669 3790 ad.
688 3725 817 3785 Marta·
809 3744 837 3782 in
855 3727 940 3797 Papia
958 3742 1034 3782 sacra
1051 3728 1129 3794 parts
1145 3722 1193 3776 ΙΙΙ.
1211 3681 1274 3793 pag.
1287 3724 1329 3778 85.

293 3831 327 3900 ³⁴)
345 3829 435 3885 Baro.
454 3823 649 3884 Moneantur.
667 3823 853 3894 Chronologia
870 3823 1010 3878 caesenae
1027 3835 1091 3889 pag.
1103 3818 1163 3872 262.

293 3925 326 3994 33)
344 3923 477 3994 Ughellus
493 3921 570 3977 Tem.
583 3923 617 3978 V.
634 3939 661 3992 p.
671 3921 730 3977 669.
1230 3899 1234 3908 ’

288 4019 327 4089 ³⁶)
345 4020 376 4074 In
394 4034 477 4089 opere
494 4021 605 4076 arcuato
622 4016 703 4090 hujus
720 4013 859 4071 Ecclesiae
876 4007 1061 4066 vetustissima
1084 4002 1174 4077 ligura
1189 4003 1361 4074 Imperatoris

222 4114 353 4171 undena
371 4114 442 4176 eirea
459 4132 501 4172 an.
515 4115 583 4170 1200
600 4113 691 4182 posita
707 4115 773 4168 erat.
808 4106 850 4165 01.
863 4103 999 4164 Andreas
1016 4097 1244 4174 llliederroagar:
1261 4099 1360 4152 Konst-

223 4207 380 4280 gesehichte
407 4209 456 4266 der
482 4210 562 4267 Stadt
587 4207 743 4277 Wirzburg.
786 4200 933 4269 Wiruburg
962 4197 1019 4253 und
1044 4193 1258 4262 Frankfurtasu.
1287 4192 1361 4246 1860.

223 4320 286 4376 pag.
305 4305 363 4361 182.
