<?xml version="1.0" encoding="UTF-8"?>
<!DOCTYPE html PUBLIC "-//W3C//DTD XHTML 1.0 Transitional//EN"
    "http://www.w3.org/TR/xhtml1/DTD/xhtml1-transitional.dtd">
<html xmlns="http://www.w3.org/1999/xhtml" xml:lang="en" lang="en">
 <head>
  <title>
</title>
<meta http-equiv="Content-Type" content="text/html;charset=utf-8" />
  <meta name='ocr-system' content='tesseract 3.04.00' />
  <meta name='ocr-capabilities' content='ocr_page ocr_carea ocr_par ocr_line ocrx_word'/>
</head>
<body>
  <div class='ocr_page' id='page_1' title='image "./zenoveronensise00jazdgoog_0066.png"; bbox 0 0 3012 4936; ppageno 0'>
   <div class='ocr_carea' id='block_1_1' title="bbox 108 415 1291 4424">
    <p class='ocr_par' dir='ltr' id='par_1_1' title="bbox 108 415 1291 4424">
     <span class='ocr_line' id='line_1_1' title="bbox 143 415 1287 509; baseline 0 -23"><span class='ocrx_word' id='word_1_1' title='bbox 143 420 281 509; x_wconf 82' lang='lat' dir='ltr'><strong>parietis</strong></span> <span class='ocrx_word' id='word_1_2' title='bbox 314 419 430 502; x_wconf 83' lang='lat' dir='ltr'><strong>fuisset</strong></span> <span class='ocrx_word' id='word_1_3' title='bbox 458 426 629 486; x_wconf 87' lang='lat' dir='ltr'><strong>mutatum:</strong></span> <span class='ocrx_word' id='word_1_4' title='bbox 650 415 956 506; x_wconf 72' lang='lat' dir='ltr'><strong>,quumqueessent</strong></span> <span class='ocrx_word' id='word_1_5' title='bbox 982 419 1075 486; x_wconf 89' lang='lat' dir='ltr'><strong>multi</strong></span> <span class='ocrx_word' id='word_1_6' title='bbox 1095 419 1216 488; x_wconf 86' lang='lat' dir='ltr'><strong>inventi</strong></span> <span class='ocrx_word' id='word_1_7' title='bbox 1237 421 1287 486; x_wconf 85' lang='lat' dir='ltr'><strong>in·</strong></span> 
     </span>
     <span class='ocr_line' id='line_1_2' title="bbox 143 530 1288 626; baseline 0 -28"><span class='ocrx_word' id='word_1_8' title='bbox 143 535 265 615; x_wconf 85' lang='lat' dir='ltr'><strong>terius,</strong></span> <span class='ocrx_word' id='word_1_9' title='bbox 300 530 358 598; x_wconf 91' lang='lat' dir='ltr'><strong>sed</strong></span> <span class='ocrx_word' id='word_1_10' title='bbox 392 553 546 616; x_wconf 88' lang='lat' dir='ltr'><strong>aquarum</strong></span> <span class='ocrx_word' id='word_1_11' title='bbox 576 533 780 626; x_wconf 88' lang='lat' dir='ltr'><strong>multitudine</strong></span> <span class='ocrx_word' id='word_1_12' title='bbox 806 533 893 598; x_wconf 90' lang='lat' dir='ltr'><strong>omui</strong></span> <span class='ocrx_word' id='word_1_13' title='bbox 920 532 1056 602; x_wconf 86' lang='lat' dir='ltr'><strong>ecclesia</strong></span> <span class='ocrx_word' id='word_1_14' title='bbox 1082 531 1288 616; x_wconf 87' lang='lat' dir='ltr'><strong>circumdata,</strong></span> 
     </span>
     <span class='ocr_line' id='line_1_3' title="bbox 146 643 1288 730; baseline 0 -20"><span class='ocrx_word' id='word_1_15' title='bbox 146 669 216 730; x_wconf 84' lang='lat' dir='ltr'><strong>qua</strong></span> <span class='ocrx_word' id='word_1_16' title='bbox 237 654 371 728; x_wconf 80' lang='lat' dir='ltr'><strong>possent</strong></span> <span class='ocrx_word' id='word_1_17' title='bbox 393 643 512 730; x_wconf 82' lang='lat' dir='ltr'>egredi,</span> <span class='ocrx_word' id='word_1_18' title='bbox 534 668 598 728; x_wconf 88' lang='lat' dir='ltr'><strong>uon</strong></span> <span class='ocrx_word' id='word_1_19' title='bbox 621 645 788 728; x_wconf 88' lang='lat' dir='ltr'><strong>haberent,</strong></span> <span class='ocrx_word' id='word_1_20' title='bbox 811 645 920 730; x_wconf 88' lang='lat' dir='ltr'>ibique</span> <span class='ocrx_word' id='word_1_21' title='bbox 943 667 977 710; x_wconf 89' lang='lat' dir='ltr'><strong>se</strong></span> <span class='ocrx_word' id='word_1_22' title='bbox 1000 645 1053 710; x_wconf 90' lang='lat' dir='ltr'><strong>siti</strong></span> <span class='ocrx_word' id='word_1_23' title='bbox 1072 667 1113 710; x_wconf 88' lang='lat' dir='ltr'><strong>ac</strong></span> <span class='ocrx_word' id='word_1_24' title='bbox 1134 645 1217 710; x_wconf 87' lang='lat' dir='ltr'><strong>fame</strong></span> <span class='ocrx_word' id='word_1_25' title='bbox 1232 643 1288 712; x_wconf 91' lang='lat' dir='ltr'><strong>de·</strong></span> 
     </span>
     <span class='ocr_line' id='line_1_4' title="bbox 145 737 1291 843; baseline 0 -21"><span class='ocrx_word' id='word_1_26' title='bbox 145 757 246 822; x_wconf 88' lang='lat' dir='ltr'><strong>ficere</strong></span> <span class='ocrx_word' id='word_1_27' title='bbox 268 754 488 839; x_wconf 73' lang='lat' dir='ltr'><strong>formidarent,</strong></span> <span class='ocrx_word' id='word_1_28' title='bbox 520 755 562 824; x_wconf 86' lang='lat' dir='ltr'><strong>ud</strong></span> <span class='ocrx_word' id='word_1_29' title='bbox 585 755 738 828; x_wconf 88' lang='lat' dir='ltr'><strong>ecclesiae</strong></span> <span class='ocrx_word' id='word_1_30' title='bbox 752 737 886 843; x_wconf 69' lang='lat' dir='ltr'><strong>,januam</strong></span> <span class='ocrx_word' id='word_1_31' title='bbox 913 757 1098 839; x_wconf 84' lang='lat' dir='ltr'><strong>veniebant,</strong></span> <span class='ocrx_word' id='word_1_32' title='bbox 1124 756 1166 824; x_wconf 90' lang='lat' dir='ltr'><strong>ad</strong></span> <span class='ocrx_word' id='word_1_33' title='bbox 1187 757 1291 824; x_wconf 76' lang='lat' dir='ltr'><strong>liben-</strong></span> 
     </span>
     <span class='ocr_line' id='line_1_5' title="bbox 147 867 1288 954; baseline 0 -20"><span class='ocrx_word' id='word_1_34' title='bbox 147 867 230 934; x_wconf 90' lang='lat' dir='ltr'><strong>dum</strong></span> <span class='ocrx_word' id='word_1_35' title='bbox 251 867 439 942; x_wconf 86' lang='lat' dir='ltr'><strong>hauriebant</strong></span> <span class='ocrx_word' id='word_1_36' title='bbox 459 891 586 954; x_wconf 87' lang='lat' dir='ltr'><strong>aquam,</strong></span> <span class='ocrx_word' id='word_1_37' title='bbox 610 891 701 954; x_wconf 89' lang='lat' dir='ltr'><strong>quae,</strong></span> <span class='ocrx_word' id='word_1_38' title='bbox 725 878 762 934; x_wconf 91' lang='lat' dir='ltr'><strong>ut</strong></span> <span class='ocrx_word' id='word_1_39' title='bbox 782 867 938 953; x_wconf 82' lang='lat' dir='ltr'><strong>praedixi,</strong></span> <span class='ocrx_word' id='word_1_40' title='bbox 960 867 1288 954; x_wconf 81' lang='lat' dir='ltr'><strong>usqueadfencstras</strong></span> 
     </span>
     <span class='ocr_line' id='line_1_6' title="bbox 147 978 1288 1051; baseline 0.003 -7"><span class='ocrx_word' id='word_1_41' title='bbox 147 989 334 1046; x_wconf 85' lang='lat' dir='ltr'><strong>excreverat</strong></span> <span class='ocrx_word' id='word_1_42' title='bbox 364 989 396 1048; x_wconf 90' lang='lat' dir='ltr'><strong>et</strong></span> <span class='ocrx_word' id='word_1_43' title='bbox 425 989 532 1046; x_wconf 85' lang='lat' dir='ltr'><strong>tamen</strong></span> <span class='ocrx_word' id='word_1_44' title='bbox 565 981 659 1046; x_wconf 47' lang='lat' dir='ltr'><strong>intra*</strong></span> <span class='ocrx_word' id='word_1_45' title='bbox 681 980 848 1051; x_wconf 86' lang='lat' dir='ltr'><strong>ecclesiam</strong></span> <span class='ocrx_word' id='word_1_46' title='bbox 875 981 963 1046; x_wconf 92' lang='lat' dir='ltr'><strong>nullo</strong></span> <span class='ocrx_word' id='word_1_47' title='bbox 990 979 1087 1046; x_wconf 91' lang='lat' dir='ltr'><strong>modo</strong></span> <span class='ocrx_word' id='word_1_48' title='bbox 1114 978 1288 1047; x_wconf 84' lang='lat' dir='ltr'><strong>diffluebat.</strong></span> 
     </span>
     <span class='ocr_line' id='line_1_7' title="bbox 147 1090 1290 1180; baseline 0.004 -25"><span class='ocrx_word' id='word_1_49' title='bbox 147 1091 283 1156; x_wconf 90' lang='lat' dir='ltr'><strong>Hauriri</strong></span> <span class='ocrx_word' id='word_1_50' title='bbox 304 1093 426 1178; x_wconf 89' lang='lat' dir='ltr'><strong>itaque,</strong></span> <span class='ocrx_word' id='word_1_51' title='bbox 449 1103 485 1159; x_wconf 92' lang='lat' dir='ltr'><strong>ut</strong></span> <span class='ocrx_word' id='word_1_52' title='bbox 507 1117 591 1179; x_wconf 85' lang='lat' dir='ltr'><strong>aque</strong></span> <span class='ocrx_word' id='word_1_53' title='bbox 612 1101 751 1180; x_wconf 87' lang='lat' dir='ltr'><strong>poterat,</strong></span> <span class='ocrx_word' id='word_1_54' title='bbox 781 1090 839 1158; x_wconf 90' lang='lat' dir='ltr'><strong>sed</strong></span> <span class='ocrx_word' id='word_1_55' title='bbox 860 1091 1020 1176; x_wconf 84' lang='lat' dir='ltr'><strong>diffluere,</strong></span> <span class='ocrx_word' id='word_1_56' title='bbox 1043 1101 1079 1158; x_wconf 89' lang='lat' dir='ltr'><strong>ut</strong></span> <span class='ocrx_word' id='word_1_57' title='bbox 1100 1113 1198 1176; x_wconf 89' lang='lat' dir='ltr'><strong>aqua,</strong></span> <span class='ocrx_word' id='word_1_58' title='bbox 1224 1114 1290 1160; x_wconf 87' lang='lat' dir='ltr'><strong>nou</strong></span> 
     </span>
     <span class='ocr_line' id='line_1_8' title="bbox 144 1202 1289 1291; baseline 0.002 -22"><span class='ocrx_word' id='word_1_59' title='bbox 144 1213 284 1290; x_wconf 89' lang='lat' dir='ltr'><strong>poterat.</strong></span> <span class='ocrx_word' id='word_1_60' title='bbox 328 1203 428 1274; x_wconf 84' lang='lat' dir='ltr'><strong>Stans·</strong></span> <span class='ocrx_word' id='word_1_61' title='bbox 452 1215 558 1272; x_wconf 89' lang='lat' dir='ltr'><strong>autem</strong></span> <span class='ocrx_word' id='word_1_62' title='bbox 585 1215 657 1272; x_wconf 89' lang='lat' dir='ltr'><strong>aute</strong></span> <span class='ocrx_word' id='word_1_63' title='bbox 680 1208 810 1291; x_wconf 87' lang='lat' dir='ltr'><strong>januam</strong></span> <span class='ocrx_word' id='word_1_64' title='bbox 834 1203 879 1270; x_wconf 89' lang='lat' dir='ltr'><strong>ad</strong></span> <span class='ocrx_word' id='word_1_65' title='bbox 905 1202 1138 1272; x_wconf 88' lang='lat' dir='ltr'><strong>ostendendum</strong></span> <span class='ocrx_word' id='word_1_66' title='bbox 1165 1203 1289 1272; x_wconf 85' lang='lat' dir='ltr'><strong>cunctis</strong></span> 
     </span>
     <span class='ocr_line' id='line_1_9' title="bbox 144 1313 1290 1403; baseline 0.003 -23"><span class='ocrx_word' id='word_1_67' title='bbox 144 1316 299 1380; x_wconf 86' lang='lat' dir='ltr'><strong>meritum</strong></span> <span class='ocrx_word' id='word_1_68' title='bbox 321 1316 470 1403; x_wconf 88' lang='lat' dir='ltr'><strong>martyris</strong></span> <span class='ocrx_word' id='word_1_69' title='bbox 492 1324 525 1382; x_wconf 89' lang='lat' dir='ltr'><strong>et</strong></span> <span class='ocrx_word' id='word_1_70' title='bbox 546 1338 629 1400; x_wconf 90' lang='lat' dir='ltr'><strong>aqua</strong></span> <span class='ocrx_word' id='word_1_71' title='bbox 652 1324 719 1382; x_wconf 88' lang='lat' dir='ltr'><strong>erat</strong></span> <span class='ocrx_word' id='word_1_72' title='bbox 741 1314 783 1384; x_wconf 83' lang='lat' dir='ltr'><strong>ad</strong></span> <span class='ocrx_word' id='word_1_73' title='bbox 809 1313 1003 1402; x_wconf 88' lang='lat' dir='ltr'><strong>adjutorium</strong></span> <span class='ocrx_word' id='word_1_74' title='bbox 1027 1325 1063 1380; x_wconf 86' lang='lat' dir='ltr'><strong>et</strong></span> <span class='ocrx_word' id='word_1_75' title='bbox 1088 1315 1181 1400; x_wconf 80' lang='lat' dir='ltr'><strong>quasi</strong></span> <span class='ocrx_word' id='word_1_76' title='bbox 1207 1337 1290 1400; x_wconf 90' lang='lat' dir='ltr'><strong>aqua</strong></span> 
     </span>
     <span class='ocr_line' id='line_1_10' title="bbox 145 1425 1240 1518; baseline 0.001 -28"><span class='ocrx_word' id='word_1_77' title='bbox 145 1449 216 1492; x_wconf 92' lang='lat' dir='ltr'><strong>non</strong></span> <span class='ocrx_word' id='word_1_78' title='bbox 238 1435 319 1518; x_wconf 84' lang='lat' dir='ltr'><strong>erat,</strong></span> <span class='ocrx_word' id='word_1_79' title='bbox 342 1425 384 1491; x_wconf 90' lang='lat' dir='ltr'><strong>ad</strong></span> <span class='ocrx_word' id='word_1_80' title='bbox 405 1425 620 1493; x_wconf 85' lang='lat' dir='ltr'><strong>invadendum</strong></span> <span class='ocrx_word' id='word_1_81' title='bbox 639 1427 800 1496; x_wconf 83' lang='lat' dir='ltr'><strong>locum.““</strong></span> <span class='ocrx_word' id='word_1_82' title='bbox 937 1489 939 1496; x_wconf 76' lang='grc'><strong><em>,</em></strong></span> <span class='ocrx_word' id='word_1_83' title='bbox 1238 1439 1240 1442; x_wconf 82' lang='grc'><strong>’</strong></span> 
     </span>
     <span class='ocr_line' id='line_1_11' title="bbox 255 1537 1289 1626; baseline 0.003 -23"><span class='ocrx_word' id='word_1_84' title='bbox 255 1538 434 1624; x_wconf 83' lang='lat' dir='ltr'><strong>Hucusque</strong></span> <span class='ocrx_word' id='word_1_85' title='bbox 455 1539 597 1626; x_wconf 89' lang='lat' dir='ltr'><strong>Magnus</strong></span> <span class='ocrx_word' id='word_1_86' title='bbox 619 1538 809 1626; x_wconf 81' lang='lat' dir='ltr'><strong>Gregorius.</strong></span> <span class='ocrx_word' id='word_1_87' title='bbox 831 1577 872 1588; x_wconf 89' lang='grc'>-</span> <span class='ocrx_word' id='word_1_88' title='bbox 916 1537 1078 1606; x_wconf 85' lang='lat' dir='ltr'><strong>Barouius</strong></span> <span class='ocrx_word' id='word_1_89' title='bbox 1102 1538 1134 1604; x_wconf 91' lang='lat' dir='ltr'><strong>in</strong></span> <span class='ocrx_word' id='word_1_90' title='bbox 1160 1548 1236 1608; x_wconf 79' lang='lat' dir='ltr'><strong>ncta</strong></span> <span class='ocrx_word' id='word_1_91' title='bbox 1258 1541 1289 1608; x_wconf 84' lang='lat'><strong>6.</strong></span> 
     </span>
     <span class='ocr_line' id='line_1_12' title="bbox 146 1649 1289 1738; baseline 0.001 -22"><span class='ocrx_word' id='word_1_92' title='bbox 146 1650 192 1716; x_wconf 84' lang='lat' dir='ltr'><strong>ad</strong></span> <span class='ocrx_word' id='word_1_93' title='bbox 216 1649 301 1716; x_wconf 88' lang='lat' dir='ltr'><strong>diem</strong></span> <span class='ocrx_word' id='word_1_94' title='bbox 323 1650 369 1716; x_wconf 91' lang='lat' dir='ltr'><strong>X.</strong></span> <span class='ocrx_word' id='word_1_95' title='bbox 390 1649 523 1718; x_wconf 81' lang='lat' dir='ltr'><strong>Ualend.</strong></span> <span class='ocrx_word' id='word_1_96' title='bbox 544 1651 693 1720; x_wconf 68' lang='lat' dir='ltr'><strong>«Ianuarii</strong></span> <span class='ocrx_word' id='word_1_97' title='bbox 714 1670 788 1737; x_wconf 76' lang='lat' dir='ltr'><strong>pag.</strong></span> <span class='ocrx_word' id='word_1_98' title='bbox 800 1652 985 1720; x_wconf 69' lang='lat'>‚568-570</span> <span class='ocrx_word' id='word_1_99' title='bbox 1005 1651 1040 1716; x_wconf 86' lang='lat' dir='ltr'><strong>in</strong></span> <span class='ocrx_word' id='word_1_100' title='bbox 1053 1649 1289 1738; x_wconf 81' lang='lat' dir='ltr'><strong>Martyrologio</strong></span> 
     </span>
     <span class='ocr_line' id='line_1_13' title="bbox 145 1762 1288 1849; baseline 0 -21"><span class='ocrx_word' id='word_1_101' title='bbox 145 1762 199 1829; x_wconf 88' lang='lat' dir='ltr'><strong>ed.</strong></span> <span class='ocrx_word' id='word_1_102' title='bbox 224 1763 277 1828; x_wconf 90' lang='lat' dir='ltr'><strong>cit.</strong></span> <span class='ocrx_word' id='word_1_103' title='bbox 300 1762 409 1828; x_wconf 88' lang='lat' dir='ltr'><strong>multis</strong></span> <span class='ocrx_word' id='word_1_104' title='bbox 431 1764 627 1849; x_wconf 80' lang='lat' dir='ltr'><strong>argumentis</strong></span> <span class='ocrx_word' id='word_1_105' title='bbox 651 1763 869 1830; x_wconf 87' lang='lat' dir='ltr'><strong>demonstrare</strong></span> <span class='ocrx_word' id='word_1_106' title='bbox 903 1770 1035 1828; x_wconf 82' lang='lat' dir='ltr'><strong>conatus</strong></span> <span class='ocrx_word' id='word_1_107' title='bbox 1069 1772 1137 1846; x_wconf 88' lang='lat' dir='ltr'><strong>est,</strong></span> <span class='ocrx_word' id='word_1_108' title='bbox 1171 1762 1288 1845; x_wconf 90' lang='lat' dir='ltr'><strong>omnia,</strong></span> 
     </span>
     <span class='ocr_line' id='line_1_14' title="bbox 108 1872 1289 1962; baseline 0.003 -22"><span class='ocrx_word' id='word_1_109' title='bbox 108 1896 111 1900; x_wconf 84' lang='lat'>·</span> <span class='ocrx_word' id='word_1_110' title='bbox 146 1899 234 1960; x_wconf 89' lang='lat' dir='ltr'><strong>quae</strong></span> <span class='ocrx_word' id='word_1_111' title='bbox 256 1876 289 1940; x_wconf 93' lang='lat' dir='ltr'><strong>in</strong></span> <span class='ocrx_word' id='word_1_112' title='bbox 312 1874 450 1961; x_wconf 85' lang='lat' dir='ltr'><strong>dialogis</strong></span> <span class='ocrx_word' id='word_1_113' title='bbox 474 1874 625 1962; x_wconf 87' lang='lat' dir='ltr'><strong>Gregorii</strong></span> <span class='ocrx_word' id='word_1_114' title='bbox 647 1876 696 1942; x_wconf 88' lang='lat' dir='ltr'><strong>M.</strong></span> <span class='ocrx_word' id='word_1_115' title='bbox 723 1875 877 1942; x_wconf 89' lang='lat' dir='ltr'><strong>memoria</strong></span> <span class='ocrx_word' id='word_1_116' title='bbox 902 1872 1021 1939; x_wconf 89' lang='lat' dir='ltr'><strong>tradita</strong></span> <span class='ocrx_word' id='word_1_117' title='bbox 1050 1873 1133 1958; x_wconf 93' lang='lat' dir='ltr'><strong>sint,</strong></span> <span class='ocrx_word' id='word_1_118' title='bbox 1165 1896 1289 1944; x_wconf 78' lang='lat' dir='ltr'><strong>summa</strong></span> 
     </span>
     <span class='ocr_line' id='line_1_15' title="bbox 147 1985 1290 2082; baseline -0.002 -30"><span class='ocrx_word' id='word_1_119' title='bbox 147 2011 225 2052; x_wconf 91' lang='lat' dir='ltr'><strong>cum</strong></span> <span class='ocrx_word' id='word_1_120' title='bbox 257 1985 322 2052; x_wconf 87' lang='lat' dir='ltr'><strong>fide</strong></span> <span class='ocrx_word' id='word_1_121' title='bbox 353 1986 420 2052; x_wconf 91' lang='lat' dir='ltr'><strong>sine</strong></span> <span class='ocrx_word' id='word_1_122' title='bbox 453 1987 520 2052; x_wconf 91' lang='lat' dir='ltr'><strong>ulla</strong></span> <span class='ocrx_word' id='word_1_123' title='bbox 542 1988 728 2074; x_wconf 74' lang='lat' dir='ltr'><strong>exceptione</strong></span> <span class='ocrx_word' id='word_1_124' title='bbox 750 1985 939 2073; x_wconf 87' lang='lat' dir='ltr'><strong>accipienda</strong></span> <span class='ocrx_word' id='word_1_125' title='bbox 960 2009 1040 2052; x_wconf 91' lang='lat' dir='ltr'><strong>esse.</strong></span> <span class='ocrx_word' id='word_1_126' title='bbox 1085 1986 1238 2082; x_wconf 81' lang='lat' dir='ltr'><strong>Praebuit</strong></span> <span class='ocrx_word' id='word_1_127' title='bbox 1259 1985 1290 2051; x_wconf 91' lang='lat' dir='ltr'><strong>ei</strong></span> 
     </span>
     <span class='ocr_line' id='line_1_16' title="bbox 147 2097 1288 2184; baseline -0.002 -20"><span class='ocrx_word' id='word_1_128' title='bbox 147 2110 258 2164; x_wconf 90' lang='lat' dir='ltr'><strong>autem</strong></span> <span class='ocrx_word' id='word_1_129' title='bbox 281 2099 482 2165; x_wconf 87' lang='lat' dir='ltr'><strong>occasionem</strong></span> <span class='ocrx_word' id='word_1_130' title='bbox 504 2097 545 2163; x_wconf 91' lang='lat' dir='ltr'><strong>ad</strong></span> <span class='ocrx_word' id='word_1_131' title='bbox 567 2099 687 2164; x_wconf 87' lang='lat' dir='ltr'><strong>hancce</strong></span> <span class='ocrx_word' id='word_1_132' title='bbox 708 2098 831 2166; x_wconf 86' lang='lat' dir='ltr'><strong>erudite</strong></span> <span class='ocrx_word' id='word_1_133' title='bbox 858 2099 1009 2183; x_wconf 90' lang='lat' dir='ltr'><strong>scriptam</strong></span> <span class='ocrx_word' id='word_1_134' title='bbox 1040 2099 1288 2184; x_wconf 83' lang='lat' dir='ltr'><strong>argumentatio·</strong></span> 
     </span>
     <span class='ocr_line' id='line_1_17' title="bbox 146 2189 1288 2297; baseline -0.002 -21"><span class='ocrx_word' id='word_1_135' title='bbox 146 2235 243 2294; x_wconf 88' lang='lat' dir='ltr'><strong>nem,</strong></span> <span class='ocrx_word' id='word_1_136' title='bbox 278 2210 438 2276; x_wconf 90' lang='lat' dir='ltr'><strong>Melchior</strong></span> <span class='ocrx_word' id='word_1_137' title='bbox 460 2209 585 2293; x_wconf 82' lang='lat' dir='ltr'><strong>Canus,</strong></span> <span class='ocrx_word' id='word_1_138' title='bbox 608 2189 1020 2297; x_wconf 36' lang='lat' dir='ltr'><strong>episcopus&#39;Ganariensis,</strong></span> <span class='ocrx_word' id='word_1_139' title='bbox 1049 2220 1161 2276; x_wconf 84' lang='lat' dir='ltr'><strong>auctor</strong></span> <span class='ocrx_word' id='word_1_140' title='bbox 1182 2210 1288 2296; x_wconf 88' lang='lat' dir='ltr'><strong>operis</strong></span> 
     </span>
     <span class='ocr_line' id='line_1_18' title="bbox 146 2320 1288 2409; baseline -0.002 -21"><span class='ocrx_word' id='word_1_141' title='bbox 146 2322 342 2389; x_wconf 89' lang='lat' dir='ltr'><strong>nobilissimi</strong></span> <span class='ocrx_word' id='word_1_142' title='bbox 364 2321 525 2390; x_wconf 73' lang='lat' dir='ltr'><strong>debonis</strong></span> <span class='ocrx_word' id='word_1_143' title='bbox 548 2322 768 2409; x_wconf 83' lang='lat' dir='ltr'><strong>Theologicis,</strong></span> <span class='ocrx_word' id='word_1_144' title='bbox 796 2323 852 2408; x_wconf 84' lang='lat' dir='ltr'><strong>qui</strong></span> <span class='ocrx_word' id='word_1_145' title='bbox 866 2321 939 2388; x_wconf 85' lang='lat' dir='ltr'><strong>Lib.</strong></span> <span class='ocrx_word' id='word_1_146' title='bbox 955 2321 1000 2388; x_wconf 84' lang='grc' dir='ltr'><strong>Π.</strong></span> <span class='ocrx_word' id='word_1_147' title='bbox 1023 2345 1093 2408; x_wconf 85' lang='lat' dir='ltr'><strong>cap.</strong></span> <span class='ocrx_word' id='word_1_148' title='bbox 1108 2321 1168 2387; x_wconf 88' lang='lat' dir='ltr'><strong>VI.</strong></span> <span class='ocrx_word' id='word_1_149' title='bbox 1190 2320 1288 2387; x_wconf 88' lang='lat' dir='ltr'><strong>fidem</strong></span> 
     </span>
     <span class='ocr_line' id='line_1_19' title="bbox 147 2433 1288 2520; baseline -0.003 -20"><span class='ocrx_word' id='word_1_150' title='bbox 147 2436 341 2500; x_wconf 86' lang='lat' dir='ltr'><strong>narrationis</strong></span> <span class='ocrx_word' id='word_1_151' title='bbox 374 2435 406 2498; x_wconf 92' lang='lat' dir='ltr'><strong>in</strong></span> <span class='ocrx_word' id='word_1_152' title='bbox 439 2444 614 2500; x_wconf 88' lang='lat' dir='ltr'><strong>memorato</strong></span> <span class='ocrx_word' id='word_1_153' title='bbox 642 2433 792 2520; x_wconf 83' lang='lat' dir='ltr'><strong>Gregorii</strong></span> <span class='ocrx_word' id='word_1_154' title='bbox 825 2457 920 2519; x_wconf 85' lang='lat' dir='ltr'><strong>opere</strong></span> <span class='ocrx_word' id='word_1_155' title='bbox 942 2434 975 2502; x_wconf 92' lang='lat' dir='ltr'><strong>in</strong></span> <span class='ocrx_word' id='word_1_156' title='bbox 997 2433 1131 2502; x_wconf 89' lang='lat' dir='ltr'><strong>dubium</strong></span> <span class='ocrx_word' id='word_1_157' title='bbox 1153 2456 1288 2498; x_wconf 87' lang='lat' dir='ltr'><strong>vocave-</strong></span> 
     </span>
     <span class='ocr_line' id='line_1_20' title="bbox 148 2541 1289 2632; baseline -0.002 -20"><span class='ocrx_word' id='word_1_158' title='bbox 148 2557 208 2612; x_wconf 89' lang='lat' dir='ltr'><strong>rat.</strong></span> <span class='ocrx_word' id='word_1_159' title='bbox 254 2546 342 2610; x_wconf 90' lang='lat' dir='ltr'><strong>Petit</strong></span> <span class='ocrx_word' id='word_1_160' title='bbox 362 2569 438 2632; x_wconf 89' lang='lat' dir='ltr'><strong>ergo</strong></span> <span class='ocrx_word' id='word_1_161' title='bbox 460 2541 621 2610; x_wconf 84' lang='lat' dir='ltr'><strong>Barouius</strong></span> <span class='ocrx_word' id='word_1_162' title='bbox 643 2555 831 2631; x_wconf 89' lang='lat' dir='ltr'><strong>argumenta</strong></span> <span class='ocrx_word' id='word_1_163' title='bbox 853 2568 911 2610; x_wconf 91' lang='lat' dir='ltr'><strong>sua</strong></span> <span class='ocrx_word' id='word_1_164' title='bbox 933 2569 972 2610; x_wconf 87' lang='lat' dir='ltr'><strong>ex</strong></span> <span class='ocrx_word' id='word_1_165' title='bbox 995 2544 1104 2610; x_wconf 89' lang='lat' dir='ltr'><strong>multis</strong></span> <span class='ocrx_word' id='word_1_166' title='bbox 1124 2543 1289 2610; x_wconf 79' lang='lat' dir='ltr'><strong>Ecclesiae</strong></span> 
     </span>
     <span class='ocr_line' id='line_1_21' title="bbox 148 2654 1289 2741; baseline -0.003 -18"><span class='ocrx_word' id='word_1_167' title='bbox 148 2657 340 2724; x_wconf 89' lang='lat' dir='ltr'><strong>doctoribus</strong></span> <span class='ocrx_word' id='word_1_168' title='bbox 363 2668 395 2724; x_wconf 91' lang='lat' dir='ltr'><strong>et</strong></span> <span class='ocrx_word' id='word_1_169' title='bbox 417 2656 587 2741; x_wconf 75' lang='lat' dir='ltr'><strong>ConciliiS,</strong></span> <span class='ocrx_word' id='word_1_170' title='bbox 611 2655 852 2724; x_wconf 84' lang='lat' dir='ltr'><strong>demonstrandi</strong></span> <span class='ocrx_word' id='word_1_171' title='bbox 873 2677 984 2738; x_wconf 87' lang='lat' dir='ltr'><strong>causa,</strong></span> <span class='ocrx_word' id='word_1_172' title='bbox 1008 2677 1133 2740; x_wconf 89' lang='lat' dir='ltr'><strong>semper</strong></span> <span class='ocrx_word' id='word_1_173' title='bbox 1154 2654 1236 2726; x_wconf 87' lang='lat' dir='ltr'><strong>hane</strong></span> <span class='ocrx_word' id='word_1_174' title='bbox 1256 2655 1289 2720; x_wconf 90' lang='lat' dir='ltr'><strong>in</strong></span> 
     </span>
     <span class='ocr_line' id='line_1_22' title="bbox 147 2765 1288 2857; baseline 0 -21"><span class='ocrx_word' id='word_1_175' title='bbox 147 2770 300 2836; x_wconf 81' lang='lat' dir='ltr'><strong>Ecclesia</strong></span> <span class='ocrx_word' id='word_1_176' title='bbox 326 2771 466 2856; x_wconf 85' lang='lat' dir='ltr'><strong>viguisse</strong></span> <span class='ocrx_word' id='word_1_177' title='bbox 493 2769 690 2856; x_wconf 73' lang='lat' dir='ltr'><strong>opinionem,</strong></span> <span class='ocrx_word' id='word_1_178' title='bbox 724 2767 757 2834; x_wconf 93' lang='lat' dir='ltr'><strong>in</strong></span> <span class='ocrx_word' id='word_1_179' title='bbox 785 2765 937 2857; x_wconf 74' lang='lat' dir='ltr'><strong>dialogiS,</strong></span> <span class='ocrx_word' id='word_1_180' title='bbox 971 2789 1043 2834; x_wconf 90' lang='lat' dir='ltr'><strong>cum</strong></span> <span class='ocrx_word' id='word_1_181' title='bbox 1066 2782 1288 2836; x_wconf 85' lang='lat' dir='ltr'><strong>summa&#39;oou·</strong></span> 
     </span>
     <span class='ocr_line' id='line_1_23' title="bbox 147 2878 1288 2969; baseline -0.002 -21"><span class='ocrx_word' id='word_1_182' title='bbox 147 2882 281 2969; x_wconf 86' lang='lat' dir='ltr'><strong>seriptis</strong></span> <span class='ocrx_word' id='word_1_183' title='bbox 304 2881 470 2969; x_wconf 86' lang='lat' dir='ltr'><strong>diligentia</strong></span> <span class='ocrx_word' id='word_1_184' title='bbox 491 2880 595 2968; x_wconf 91' lang='lat' dir='ltr'><strong>(quod</strong></span> <span class='ocrx_word' id='word_1_185' title='bbox 615 2881 730 2966; x_wconf 88' lang='lat' dir='ltr'><strong>etipse</strong></span> <span class='ocrx_word' id='word_1_186' title='bbox 746 2878 972 2966; x_wconf 86' lang='lat' dir='ltr'><strong>Gregoriusin</strong></span> <span class='ocrx_word' id='word_1_187' title='bbox 988 2879 1080 2966; x_wconf 84' lang='lat' dir='ltr'><strong>epist.</strong></span> <span class='ocrx_word' id='word_1_188' title='bbox 1095 2879 1134 2943; x_wconf 89' lang='lat' dir='ltr'><strong>L.</strong></span> <span class='ocrx_word' id='word_1_189' title='bbox 1158 2879 1232 2946; x_wconf 89' lang='lat' dir='ltr'><strong>Lib.</strong></span> <span class='ocrx_word' id='word_1_190' title='bbox 1243 2880 1288 2946; x_wconf 90' lang='grc' dir='ltr'><strong>Π.</strong></span> 
     </span>
     <span class='ocr_line' id='line_1_24' title="bbox 145 2991 1288 3082; baseline 0 -22"><span class='ocrx_word' id='word_1_191' title='bbox 145 2996 276 3082; x_wconf 86' lang='lat' dir='ltr'><strong>registr.</strong></span> <span class='ocrx_word' id='word_1_192' title='bbox 299 2993 341 3060; x_wconf 89' lang='lat' dir='ltr'><strong>ad</strong></span> <span class='ocrx_word' id='word_1_193' title='bbox 362 2995 647 3077; x_wconf 89' lang='lat' dir='ltr'><strong>Maximinianum,</strong></span> <span class='ocrx_word' id='word_1_194' title='bbox 678 2992 777 3079; x_wconf 88' lang='lat' dir='ltr'><strong>episc.</strong></span> <span class='ocrx_word' id='word_1_195' title='bbox 800 2991 992 3080; x_wconf 76' lang='lat' dir='ltr'><strong>Syracusas.</strong></span> <span class='ocrx_word' id='word_1_196' title='bbox 1019 2991 1137 3078; x_wconf 85' lang='lat' dir='ltr'><strong>innuit)</strong></span> <span class='ocrx_word' id='word_1_197' title='bbox 1167 2993 1288 3062; x_wconf 84' lang='lat' dir='ltr'><strong>uallum</strong></span> 
     </span>
     <span class='ocr_line' id='line_1_25' title="bbox 145 3103 1288 3192; baseline -0.002 -20"><span class='ocrx_word' id='word_1_198' title='bbox 145 3107 286 3174; x_wconf 88' lang='lat' dir='ltr'><strong>inveniri</strong></span> <span class='ocrx_word' id='word_1_199' title='bbox 308 3130 455 3174; x_wconf 88' lang='lat' dir='ltr'><strong>errorem.</strong></span> <span class='ocrx_word' id='word_1_200' title='bbox 502 3106 610 3189; x_wconf 80' lang='lat' dir='ltr'><strong>Quum</strong></span> <span class='ocrx_word' id='word_1_201' title='bbox 631 3115 745 3192; x_wconf 88' lang='lat' dir='ltr'><strong>postea</strong></span> <span class='ocrx_word' id='word_1_202' title='bbox 758 3105 964 3172; x_wconf 87' lang='lat' dir='ltr'><strong>Tillemontio</strong></span> <span class='ocrx_word' id='word_1_203' title='bbox 980 3113 1012 3170; x_wconf 90' lang='lat' dir='ltr'><strong>et</strong></span> <span class='ocrx_word' id='word_1_204' title='bbox 1026 3103 1171 3190; x_wconf 88' lang='lat' dir='ltr'><strong>Dupinio</strong></span> <span class='ocrx_word' id='word_1_205' title='bbox 1186 3127 1288 3192; x_wconf 88' lang='lat' dir='ltr'><strong>oppo-</strong></span> 
     </span>
     <span class='ocr_line' id='line_1_26' title="bbox 147 3215 1288 3306; baseline -0.003 -21"><span class='ocrx_word' id='word_1_206' title='bbox 147 3221 247 3286; x_wconf 90' lang='lat' dir='ltr'><strong>situm</strong></span> <span class='ocrx_word' id='word_1_207' title='bbox 267 3219 485 3284; x_wconf 87' lang='lat' dir='ltr'><strong>testimonium</strong></span> <span class='ocrx_word' id='word_1_208' title='bbox 501 3218 651 3306; x_wconf 87' lang='lat' dir='ltr'><strong>Gregorii</strong></span> <span class='ocrx_word' id='word_1_209' title='bbox 667 3216 707 3285; x_wconf 87' lang='lat' dir='ltr'><strong>da</strong></span> <span class='ocrx_word' id='word_1_210' title='bbox 722 3217 881 3305; x_wconf 83' lang='lat' dir='ltr'><strong>Martyria</strong></span> <span class='ocrx_word' id='word_1_211' title='bbox 897 3215 1035 3284; x_wconf 90' lang='lat' dir='ltr'><strong>Zenonis</strong></span> <span class='ocrx_word' id='word_1_212' title='bbox 1059 3215 1288 3284; x_wconf 89' lang='lat' dir='ltr'><strong>dubitationem</strong></span> 
     </span>
     <span class='ocr_line' id='line_1_27' title="bbox 146 3327 1288 3416; baseline -0.004 -19"><span class='ocrx_word' id='word_1_213' title='bbox 146 3331 283 3416; x_wconf 84' lang='lat' dir='ltr'><strong>minime</strong></span> <span class='ocrx_word' id='word_1_214' title='bbox 305 3329 438 3411; x_wconf 84' lang='lat' dir='ltr'><strong>exemit,</strong></span> <span class='ocrx_word' id='word_1_215' title='bbox 469 3330 602 3410; x_wconf 81' lang='lat' dir='ltr'><strong>fueritne</strong></span> <span class='ocrx_word' id='word_1_216' title='bbox 624 3331 711 3396; x_wconf 89' lang='lat' dir='ltr'><strong>Zeno</strong></span> <span class='ocrx_word' id='word_1_217' title='bbox 734 3353 807 3396; x_wconf 89' lang='lat' dir='ltr'><strong>vere</strong></span> <span class='ocrx_word' id='word_1_218' title='bbox 834 3336 977 3416; x_wconf 87' lang='lat' dir='ltr'><strong>martyr,</strong></span> <span class='ocrx_word' id='word_1_219' title='bbox 1002 3327 1189 3396; x_wconf 89' lang='lat' dir='ltr'><strong>Bonachius</strong></span> <span class='ocrx_word' id='word_1_220' title='bbox 1215 3350 1288 3392; x_wconf 91' lang='lat' dir='ltr'><strong>cum</strong></span> 
     </span>
     <span class='ocr_line' id='line_1_28' title="bbox 147 3439 1286 3525; baseline -0.005 -15"><span class='ocrx_word' id='word_1_221' title='bbox 147 3465 276 3510; x_wconf 89' lang='lat' dir='ltr'><strong>summa</strong></span> <span class='ocrx_word' id='word_1_222' title='bbox 298 3439 497 3506; x_wconf 83' lang='lat' dir='ltr'><strong>vehementia</strong></span> <span class='ocrx_word' id='word_1_223' title='bbox 520 3439 599 3522; x_wconf 84' lang='lat' dir='ltr'><strong>„hos</strong></span> <span class='ocrx_word' id='word_1_224' title='bbox 622 3441 867 3524; x_wconf 82' lang='lat' dir='ltr'><strong>calumniarum,</strong></span> <span class='ocrx_word' id='word_1_225' title='bbox 896 3451 931 3506; x_wconf 88' lang='lat' dir='ltr'><strong>ut</strong></span> <span class='ocrx_word' id='word_1_226' title='bbox 952 3451 1060 3525; x_wconf 85' lang='lat' dir='ltr'><strong>vocat,</strong></span> <span class='ocrx_word' id='word_1_227' title='bbox 1087 3439 1208 3505; x_wconf 75' lang='lat' dir='ltr'><strong>mvulcs</strong></span> <span class='ocrx_word' id='word_1_228' title='bbox 1231 3459 1286 3504; x_wconf 91' lang='lat' dir='ltr'><strong>eos</strong></span> 
     </span>
     <span class='ocr_line' id='line_1_29' title="bbox 148 3551 1287 3639; baseline -0.004 -19"><span class='ocrx_word' id='word_1_229' title='bbox 148 3578 165 3620; x_wconf 93' lang='lat' dir='ltr'><strong>e</strong></span> <span class='ocrx_word' id='word_1_230' title='bbox 188 3555 332 3620; x_wconf 89' lang='lat' dir='ltr'><strong>fontibus</strong></span> <span class='ocrx_word' id='word_1_231' title='bbox 358 3551 588 3618; x_wconf 88' lang='lat' dir='ltr'><strong>haereticorum</strong></span> <span class='ocrx_word' id='word_1_232' title='bbox 620 3551 801 3625; x_wconf 85' lang='lat' dir='ltr'><strong>derivasse“</strong></span> <span class='ocrx_word' id='word_1_233' title='bbox 823 3552 1036 3639; x_wconf 86' lang='lat' dir='ltr'><strong>objurgabat.</strong></span> <span class='ocrx_word' id='word_1_234' title='bbox 1082 3551 1287 3635; x_wconf 79' lang='lat' dir='ltr'><strong>Quamquam</strong></span> 
     </span>
     <span class='ocr_line' id='line_1_30' title="bbox 149 3661 1288 3748; baseline -0.002 -18"><span class='ocrx_word' id='word_1_235' title='bbox 149 3687 337 3748; x_wconf 86' lang='lat' dir='ltr'><strong>persuasum</strong></span> <span class='ocrx_word' id='word_1_236' title='bbox 367 3663 460 3730; x_wconf 90' lang='lat' dir='ltr'><strong>nobis</strong></span> <span class='ocrx_word' id='word_1_237' title='bbox 491 3671 554 3746; x_wconf 90' lang='lat' dir='ltr'><strong>est,</strong></span> <span class='ocrx_word' id='word_1_238' title='bbox 572 3685 661 3734; x_wconf 84' lang='lat' dir='ltr'><strong>cum</strong></span> <span class='ocrx_word' id='word_1_239' title='bbox 683 3662 830 3730; x_wconf 88' lang='lat' dir='ltr'><strong>absoluta</strong></span> <span class='ocrx_word' id='word_1_240' title='bbox 852 3662 1063 3745; x_wconf 81' lang='lat' dir='ltr'><strong>certitudine,</strong></span> <span class='ocrx_word' id='word_1_241' title='bbox 1090 3661 1288 3728; x_wconf 88' lang='lat' dir='ltr'><strong>infallibilem</strong></span> 
     </span>
     <span class='ocr_line' id='line_1_31' title="bbox 149 3773 1288 3860; baseline -0.001 -20"><span class='ocrx_word' id='word_1_242' title='bbox 149 3777 371 3841; x_wconf 83' lang='lat' dir='ltr'><strong>auctoritatem</strong></span> <span class='ocrx_word' id='word_1_243' title='bbox 393 3775 457 3840; x_wconf 92' lang='lat' dir='ltr'><strong>illis</strong></span> <span class='ocrx_word' id='word_1_244' title='bbox 479 3773 617 3860; x_wconf 90' lang='lat' dir='ltr'><strong>dialogis</strong></span> <span class='ocrx_word' id='word_1_245' title='bbox 639 3773 769 3840; x_wconf 80' lang='lat' dir='ltr'><strong>attribui</strong></span> <span class='ocrx_word' id='word_1_246' title='bbox 791 3797 855 3842; x_wconf 82' lang='lat' dir='ltr'><strong>nou</strong></span> <span class='ocrx_word' id='word_1_247' title='bbox 881 3797 992 3860; x_wconf 86' lang='lat' dir='ltr'><strong>posse,</strong></span> <span class='ocrx_word' id='word_1_248' title='bbox 1020 3795 1118 3859; x_wconf 91' lang='lat' dir='ltr'><strong>quum</strong></span> <span class='ocrx_word' id='word_1_249' title='bbox 1141 3774 1175 3838; x_wconf 91' lang='lat' dir='ltr'><strong>in</strong></span> <span class='ocrx_word' id='word_1_250' title='bbox 1196 3773 1288 3860; x_wconf 68' lang='lat' dir='ltr'><strong>libpis</strong></span> 
     </span>
     <span class='ocr_line' id='line_1_32' title="bbox 149 3884 1286 3975; baseline -0.001 -24"><span class='ocrx_word' id='word_1_251' title='bbox 149 3886 336 3974; x_wconf 85' lang='lat' dir='ltr'><strong>praesertim</strong></span> <span class='ocrx_word' id='word_1_252' title='bbox 372 3886 532 3952; x_wconf 88' lang='lat' dir='ltr'><strong>historicis</strong></span> <span class='ocrx_word' id='word_1_253' title='bbox 570 3907 644 3975; x_wconf 85' lang='lat' dir='ltr'><strong>curn</strong></span> <span class='ocrx_word' id='word_1_254' title='bbox 680 3907 804 3953; x_wconf 88' lang='lat' dir='ltr'><strong>summa</strong></span> <span class='ocrx_word' id='word_1_255' title='bbox 840 3885 971 3970; x_wconf 89' lang='lat' dir='ltr'><strong>quide&#39;m</strong></span> <span class='ocrx_word' id='word_1_256' title='bbox 1009 3884 1177 3971; x_wconf 88' lang='lat' dir='ltr'><strong>diligentia</strong></span> <span class='ocrx_word' id='word_1_257' title='bbox 1209 3897 1286 3960; x_wconf 81' lang='lat' dir='ltr'><strong>cou-</strong></span> 
     </span>
     <span class='ocr_line' id='line_1_33' title="bbox 149 3995 1288 4084; baseline -0.004 -18"><span class='ocrx_word' id='word_1_258' title='bbox 149 3998 280 4084; x_wconf 90' lang='lat' dir='ltr'><strong>scriptis</strong></span> <span class='ocrx_word' id='word_1_259' title='bbox 310 4022 374 4064; x_wconf 89' lang='lat' dir='ltr'><strong>uon</strong></span> <span class='ocrx_word' id='word_1_260' title='bbox 406 4022 477 4064; x_wconf 90' lang='lat' dir='ltr'><strong>raro</strong></span> <span class='ocrx_word' id='word_1_261' title='bbox 510 4021 561 4064; x_wconf 90' lang='lat' dir='ltr'><strong>res</strong></span> <span class='ocrx_word' id='word_1_262' title='bbox 592 3996 692 4064; x_wconf 85' lang='lat' dir='ltr'><strong>falsae</strong></span> <span class='ocrx_word' id='word_1_263' title='bbox 723 3996 938 4084; x_wconf 83' lang='lat' dir='ltr'><strong>inveniantur,</strong></span> <span class='ocrx_word' id='word_1_264' title='bbox 975 4005 1083 4062; x_wconf 88' lang='lat' dir='ltr'><strong>tamen</strong></span> <span class='ocrx_word' id='word_1_265' title='bbox 1106 3996 1139 4060; x_wconf 92' lang='lat' dir='ltr'><strong>in</strong></span> <span class='ocrx_word' id='word_1_266' title='bbox 1160 3995 1288 4082; x_wconf 86' lang='lat' dir='ltr'><strong>discep-</strong></span> 
     </span>
     <span class='ocr_line' id='line_1_34' title="bbox 148 4107 1289 4196; baseline -0.002 -19"><span class='ocrx_word' id='word_1_267' title='bbox 148 4113 302 4178; x_wconf 88' lang='lat' dir='ltr'><strong>tationem</strong></span> <span class='ocrx_word' id='word_1_268' title='bbox 335 4111 459 4176; x_wconf 88' lang='lat' dir='ltr'><strong>trabere</strong></span> <span class='ocrx_word' id='word_1_269' title='bbox 494 4110 643 4194; x_wconf 83' lang='lat' dir='ltr'><strong>nolumus</strong></span> <span class='ocrx_word' id='word_1_270' title='bbox 686 4107 865 4174; x_wconf 87' lang='lat' dir='ltr'><strong>absolutam</strong></span> <span class='ocrx_word' id='word_1_271' title='bbox 905 4131 1014 4174; x_wconf 89' lang='lat' dir='ltr'><strong>eorum</strong></span> <span class='ocrx_word' id='word_1_272' title='bbox 1057 4108 1289 4196; x_wconf 80' lang='lat' dir='ltr'><strong>auctoritatem,</strong></span> 
     </span>
     <span class='ocr_line' id='line_1_35' title="bbox 149 4218 1288 4310; baseline -0.005 -18"><span class='ocrx_word' id='word_1_273' title='bbox 149 4224 237 4310; x_wconf 92' lang='lat' dir='ltr'><strong>quod</strong></span> <span class='ocrx_word' id='word_1_274' title='bbox 270 4221 394 4306; x_wconf 86' lang='lat' dir='ltr'><strong>Cunus,</strong></span> <span class='ocrx_word' id='word_1_275' title='bbox 426 4223 593 4307; x_wconf 80' lang='lat' dir='ltr'><strong>Dupinus,</strong></span> <span class='ocrx_word' id='word_1_276' title='bbox 624 4219 849 4286; x_wconf 82' lang='lat' dir='ltr'><strong>Tillemontius</strong></span> <span class='ocrx_word' id='word_1_277' title='bbox 881 4229 913 4284; x_wconf 92' lang='lat' dir='ltr'><strong>et</strong></span> <span class='ocrx_word' id='word_1_278' title='bbox 942 4218 1108 4286; x_wconf 86' lang='lat' dir='ltr'><strong>Ballerinii</strong></span> <span class='ocrx_word' id='word_1_279' title='bbox 1136 4221 1288 4304; x_wconf 72' lang='lat' dir='ltr'><strong>fecerant,</strong></span> 
     </span>
     <span class='ocr_line' id='line_1_36' title="bbox 149 4317 1288 4424; baseline -0.007 -20"><span class='ocrx_word' id='word_1_280' title='bbox 149 4338 238 4424; x_wconf 90' lang='lat' dir='ltr'><strong>quod</strong></span> <span class='ocrx_word' id='word_1_281' title='bbox 264 4336 472 4404; x_wconf 87' lang='lat' dir='ltr'><strong>infestissimo</strong></span> <span class='ocrx_word' id='word_1_282' title='bbox 497 4317 604 4404; x_wconf 82' lang='lat' dir='ltr'><strong>auimo</strong></span> <span class='ocrx_word' id='word_1_283' title='bbox 631 4334 791 4402; x_wconf 89' lang='lat' dir='ltr'><strong>Barouius</strong></span> <span class='ocrx_word' id='word_1_284' title='bbox 818 4342 851 4398; x_wconf 90' lang='lat' dir='ltr'><strong>et</strong></span> <span class='ocrx_word' id='word_1_285' title='bbox 875 4332 1060 4400; x_wconf 88' lang='lat' dir='ltr'><strong>Bonachius</strong></span> <span class='ocrx_word' id='word_1_286' title='bbox 1088 4342 1288 4418; x_wconf 87' lang='lat' dir='ltr'><strong>acceperunt.</strong></span> 
     </span>
    </p>
   </div>
   <div class='ocr_carea' id='block_1_2' title="bbox 0 0 1515 4936">
    <p class='ocr_par' dir='ltr' id='par_1_2' title="bbox 0 0 1515 4936">
     <span class='ocr_line' id='line_1_37' title="bbox 0 0 1515 4936; baseline 0 0"><span class='ocrx_word' id='word_1_287' title='bbox 0 0 1515 4936; x_wconf 95' lang='lat' dir='ltr'><strong> </strong></span> 
     </span>
    </p>
   </div>
  </div>
 </body>
</html>
