<?xml version="1.0" encoding="UTF-8"?>
<!DOCTYPE html PUBLIC "-//W3C//DTD XHTML 1.0 Transitional//EN"
    "http://www.w3.org/TR/xhtml1/DTD/xhtml1-transitional.dtd">
<html xmlns="http://www.w3.org/1999/xhtml" xml:lang="en" lang="en">
 <head>
  <title>
</title>
<meta http-equiv="Content-Type" content="text/html;charset=utf-8" />
  <meta name='ocr-system' content='tesseract 3.04.00' />
  <meta name='ocr-capabilities' content='ocr_page ocr_carea ocr_par ocr_line ocrx_word'/>
</head>
<body>
  <div class='ocr_page' id='page_1' title='image "./zenoveronensise00jazdgoog_0082.png"; bbox 0 0 3012 4936; ppageno 0'>
   <div class='ocr_carea' id='block_1_1' title="bbox 705 251 744 318">
    <p class='ocr_par' dir='ltr' id='par_1_1' title="bbox 705 251 744 318">
     <span class='ocr_line' id='line_1_1' title="bbox 705 251 744 318; baseline -0.051 0"><span class='ocrx_word' id='word_1_1' title='bbox 705 251 744 318; x_wconf 79' lang='lat' dir='ltr'>&#39;li</span> 
     </span>
    </p>
   </div>
   <div class='ocr_carea' id='block_1_2' title="bbox 149 408 1297 1061">
    <p class='ocr_par' dir='ltr' id='par_1_2' title="bbox 149 408 1297 1061">
     <span class='ocr_line' id='line_1_2' title="bbox 149 408 1293 497; baseline -0.004 -16"><span class='ocrx_word' id='word_1_2' title='bbox 149 424 325 496; x_wconf 86' lang='lat' dir='ltr'>tractatus,</span> <span class='ocrx_word' id='word_1_3' title='bbox 355 412 412 497; x_wconf 89' lang='lat' dir='ltr'>qui</span> <span class='ocrx_word' id='word_1_4' title='bbox 439 419 514 476; x_wconf 91' lang='lat' dir='ltr'>sunt</span> <span class='ocrx_word' id='word_1_5' title='bbox 536 409 575 476; x_wconf 90' lang='lat' dir='ltr'>de</span> <span class='ocrx_word' id='word_1_6' title='bbox 591 409 770 475; x_wconf 26' lang='lat' dir='ltr'>*virtutibus</span> <span class='ocrx_word' id='word_1_7' title='bbox 794 419 826 474; x_wconf 90' lang='lat' dir='ltr'>et</span> <span class='ocrx_word' id='word_1_8' title='bbox 847 408 948 491; x_wconf 85' lang='lat' dir='ltr'>vitiis,</span> <span class='ocrx_word' id='word_1_9' title='bbox 975 409 1038 473; x_wconf 76' lang='lat' dir='ltr'>Ha.</span> <span class='ocrx_word' id='word_1_10' title='bbox 1055 409 1188 494; x_wconf 86' lang='lat' dir='ltr'>triginta</span> <span class='ocrx_word' id='word_1_11' title='bbox 1209 420 1293 494; x_wconf 88' lang='lat' dir='ltr'>octo,</span> 
     </span>
     <span class='ocr_line' id='line_1_3' title="bbox 151 515 1294 612; baseline -0.003 -20"><span class='ocrx_word' id='word_1_12' title='bbox 151 529 208 612; x_wconf 92' lang='lat' dir='ltr'>qui</span> <span class='ocrx_word' id='word_1_13' title='bbox 232 536 310 596; x_wconf 87' lang='lat' dir='ltr'>sunt·</span> <span class='ocrx_word' id='word_1_14' title='bbox 328 524 479 590; x_wconf 86' lang='lat' dir='ltr'>derebus</span> <span class='ocrx_word' id='word_1_15' title='bbox 494 515 621 587; x_wconf 79' lang='lat' dir='ltr'>Veteris</span> <span class='ocrx_word' id='word_1_16' title='bbox 638 522 849 605; x_wconf 68' lang='lat' dir='ltr'><strong>Testamenti,</strong></span> <span class='ocrx_word' id='word_1_17' title='bbox 871 521 944 585; x_wconf 60' lang='lat'><em>111²</em></span> <span class='ocrx_word' id='word_1_18' title='bbox 968 521 1109 606; x_wconf 91' lang='lat' dir='ltr'>reliquos</span> <span class='ocrx_word' id='word_1_19' title='bbox 1132 544 1294 590; x_wconf 80' lang='lat' dir='ltr'>sermones</span> 
     </span>
     <span class='ocr_line' id='line_1_4' title="bbox 152 629 1294 714; baseline -0.004 -10"><span class='ocrx_word' id='word_1_20' title='bbox 152 639 194 704; x_wconf 86' lang='lat' dir='ltr'>de</span> <span class='ocrx_word' id='word_1_21' title='bbox 215 638 306 702; x_wconf 88' lang='lat' dir='ltr'>Novi</span> <span class='ocrx_word' id='word_1_22' title='bbox 328 635 524 702; x_wconf 78' lang='lat' dir='ltr'>Testamenti</span> <span class='ocrx_word' id='word_1_23' title='bbox 557 629 666 714; x_wconf 58' lang='lat' dir='ltr'>rebus}</span> <span class='ocrx_word' id='word_1_24' title='bbox 696 633 827 700; x_wconf 85' lang='lat' dir='ltr'>additae</span> <span class='ocrx_word' id='word_1_25' title='bbox 859 643 934 700; x_wconf 85' lang='lat' dir='ltr'>snnt</span> <span class='ocrx_word' id='word_1_26' title='bbox 955 633 989 700; x_wconf 85' lang='lat' dir='ltr'>S.</span> <span class='ocrx_word' id='word_1_27' title='bbox 1013 630 1158 702; x_wconf 77' lang='lat' dir='ltr'>Caesarii</span> <span class='ocrx_word' id='word_1_28' title='bbox 1179 635 1294 700; x_wconf 85' lang='lat' dir='ltr'>Arela-</span> 
     </span>
     <span class='ocr_line' id='line_1_5' title="bbox 153 745 1297 832; baseline -0.003 -18"><span class='ocrx_word' id='word_1_29' title='bbox 153 751 260 814; x_wconf 83' lang='lat' dir='ltr'>tensis</span> <span class='ocrx_word' id='word_1_30' title='bbox 278 749 425 814; x_wconf 86' lang='lat' dir='ltr'>homiliae</span> <span class='ocrx_word' id='word_1_31' title='bbox 448 757 480 814; x_wconf 90' lang='lat' dir='ltr'>et</span> <span class='ocrx_word' id='word_1_32' title='bbox 501 745 563 812; x_wconf 89' lang='lat' dir='ltr'>alia</span> <span class='ocrx_word' id='word_1_33' title='bbox 585 746 743 832; x_wconf 88' lang='lat' dir='ltr'>quaedam</span> <span class='ocrx_word' id='word_1_34' title='bbox 764 769 876 830; x_wconf 87' lang='lat' dir='ltr'>pauca</span> <span class='ocrx_word' id='word_1_35' title='bbox 915 745 1077 813; x_wconf 86' lang='lat' dir='ltr'>Curarunt</span> <span class='ocrx_word' id='word_1_36' title='bbox 1092 756 1197 811; x_wconf 84' lang='lat' dir='ltr'>autem</span> <span class='ocrx_word' id='word_1_37' title='bbox 1212 747 1297 811; x_wconf 90' lang='lat' dir='ltr'>hano</span> 
     </span>
     <span class='ocr_line' id='line_1_6' title="bbox 155 836 1295 945; baseline 0.001 -19"><span class='ocrx_word' id='word_1_38' title='bbox 155 861 327 932; x_wconf 78' lang='lat' dir='ltr'>editionem</span> <span class='ocrx_word' id='word_1_39' title='bbox 350 836 472 945; x_wconf 88' lang='lat' dir='ltr'>praeler</span> <span class='ocrx_word' id='word_1_40' title='bbox 494 862 684 940; x_wconf 79' lang='lat' dir='ltr'>Guarinum,</span> <span class='ocrx_word' id='word_1_41' title='bbox 706 859 742 923; x_wconf 66' lang='lat' dir='ltr'>u&#39;t</span> <span class='ocrx_word' id='word_1_42' title='bbox 764 855 885 925; x_wconf 77' lang='lat' dir='ltr'>indicat</span> <span class='ocrx_word' id='word_1_43' title='bbox 905 857 1066 924; x_wconf 88' lang='lat' dir='ltr'>Praefatio</span> <span class='ocrx_word' id='word_1_44' title='bbox 1088 859 1125 924; x_wconf 92' lang='lat' dir='ltr'>P.</span> <span class='ocrx_word' id='word_1_45' title='bbox 1148 859 1295 928; x_wconf 69' lang='lat' dir='ltr'>Albanas</span> 
     </span>
     <span class='ocr_line' id='line_1_7' title="bbox 157 965 1294 1061; baseline 0 -23"><span class='ocrx_word' id='word_1_46' title='bbox 157 973 351 1039; x_wconf 78' lang='lat' dir='ltr'>Castellanns</span> <span class='ocrx_word' id='word_1_47' title='bbox 373 983 404 1039; x_wconf 91' lang='lat' dir='ltr'>et</span> <span class='ocrx_word' id='word_1_48' title='bbox 423 965 578 1061; x_wconf 66' lang='lat' dir='ltr'>Magister</span> <span class='ocrx_word' id='word_1_49' title='bbox 592 973 730 1040; x_wconf 79' lang='lat' dir='ltr'>Jooodas</span> <span class='ocrx_word' id='word_1_50' title='bbox 751 975 790 1038; x_wconf 83' lang='lat' dir='ltr'>de</span> <span class='ocrx_word' id='word_1_51' title='bbox 804 973 914 1038; x_wconf 79' lang='lat' dir='ltr'>Lauso.</span> <span class='ocrx_word' id='word_1_52' title='bbox 937 1011 978 1020; x_wconf 92' lang='lat'>-—</span> <span class='ocrx_word' id='word_1_53' title='bbox 1024 971 1173 1040; x_wconf 85' lang='lat' dir='ltr'>Secunda</span> <span class='ocrx_word' id='word_1_54' title='bbox 1194 971 1294 1038; x_wconf 84' lang='lat' dir='ltr'>editio</span> 
     </span>
    </p>
   </div>
   <div class='ocr_carea' id='block_1_3' title="bbox 154 1083 1408 1284">
    <p class='ocr_par' dir='ltr' id='par_1_3' title="bbox 154 1083 1408 1284">
     <span class='ocr_line' id='line_1_8' title="bbox 156 1083 1408 1178; baseline 0 -28"><span class='ocrx_word' id='word_1_55' title='bbox 156 1093 205 1150; x_wconf 88' lang='lat' dir='ltr'>an.</span> <span class='ocrx_word' id='word_1_56' title='bbox 224 1087 308 1151; x_wconf 81' lang='lat'>1586</span> <span class='ocrx_word' id='word_1_57' title='bbox 324 1085 497 1152; x_wconf 88' lang='lat' dir='ltr'>subsecuta</span> <span class='ocrx_word' id='word_1_58' title='bbox 512 1095 561 1152; x_wconf 86' lang='lat' dir='ltr'>est</span> <span class='ocrx_word' id='word_1_59' title='bbox 575 1086 721 1171; x_wconf 84' lang='lat' dir='ltr'>primam,</span> <span class='ocrx_word' id='word_1_60' title='bbox 749 1107 845 1169; x_wconf 90' lang='lat' dir='ltr'>quarn</span> <span class='ocrx_word' id='word_1_61' title='bbox 860 1083 1004 1168; x_wconf 71' lang='lat' dir='ltr'>Raphail</span> <span class='ocrx_word' id='word_1_62' title='bbox 1018 1085 1154 1171; x_wconf 85' lang='lat' dir='ltr'>Bagata,</span> <span class='ocrx_word' id='word_1_63' title='bbox 1177 1085 1292 1178; x_wconf 84' lang='lat' dir='ltr'>Ecole-</span> <span class='ocrx_word' id='word_1_64' title='bbox 1386 1095 1388 1099; x_wconf 81' lang='grc'><strong>’</strong></span> <span class='ocrx_word' id='word_1_65' title='bbox 1405 1110 1408 1118; x_wconf 81' lang='grc'><strong>’</strong></span> 
     </span>
     <span class='ocr_line' id='line_1_9' title="bbox 154 1195 1393 1284; baseline 0.002 -23"><span class='ocrx_word' id='word_1_66' title='bbox 154 1198 219 1262; x_wconf 86' lang='lat' dir='ltr'>siae</span> <span class='ocrx_word' id='word_1_67' title='bbox 242 1196 303 1266; x_wconf 78' lang='lat' dir='ltr'>SS.</span> <span class='ocrx_word' id='word_1_68' title='bbox 326 1197 558 1281; x_wconf 84' lang='lat' dir='ltr'>Apostolorum</span> <span class='ocrx_word' id='word_1_69' title='bbox 572 1205 613 1264; x_wconf 89' lang='lat' dir='ltr'>&#39;e&#39;t</span> <span class='ocrx_word' id='word_1_70' title='bbox 630 1200 783 1284; x_wconf 77' lang='lat' dir='ltr'>Baptista</span> <span class='ocrx_word' id='word_1_71' title='bbox 804 1199 925 1262; x_wconf 57' lang='lat' dir='ltr'>Porotta*</span> <span class='ocrx_word' id='word_1_72' title='bbox 944 1195 1110 1262; x_wconf 85' lang='lat' dir='ltr'>Ecclesiae</span> <span class='ocrx_word' id='word_1_73' title='bbox 1131 1197 1292 1264; x_wconf 89' lang='lat' dir='ltr'>Theuthe-</span> <span class='ocrx_word' id='word_1_74' title='bbox 1391 1219 1393 1222; x_wconf 80' lang='grc'><strong>’</strong></span> 
     </span>
    </p>
   </div>
   <div class='ocr_carea' id='block_1_4' title="bbox 69 1306 1305 3078">
    <p class='ocr_par' dir='ltr' id='par_1_4' title="bbox 69 1306 1305 3078">
     <span class='ocr_line' id='line_1_10' title="bbox 152 1306 1294 1394; baseline 0.004 -22"><span class='ocrx_word' id='word_1_75' title='bbox 152 1310 219 1374; x_wconf 90' lang='lat' dir='ltr'>riae</span> <span class='ocrx_word' id='word_1_76' title='bbox 241 1308 396 1374; x_wconf 84' lang='lat' dir='ltr'>Rectores&#39;</span> <span class='ocrx_word' id='word_1_77' title='bbox 427 1318 578 1382; x_wconf 88' lang='lat' dir='ltr'>curarunt</span> <span class='ocrx_word' id='word_1_78' title='bbox 593 1357 594 1360; x_wconf 63' lang='lat'>,</span> <span class='ocrx_word' id='word_1_79' title='bbox 607 1309 700 1394; x_wconf 88' lang='lat' dir='ltr'>eique</span> <span class='ocrx_word' id='word_1_80' title='bbox 730 1307 858 1372; x_wconf 89' lang='lat' dir='ltr'>titulum</span> <span class='ocrx_word' id='word_1_81' title='bbox 875 1306 1058 1373; x_wconf 84' lang='lat' dir='ltr'>dederunt:</span> <span class='ocrx_word' id='word_1_82' title='bbox 1083 1308 1085 1312; x_wconf 73' lang='grc'><strong>’</strong></span> <span class='ocrx_word' id='word_1_83' title='bbox 1104 1309 1294 1392; x_wconf 85' lang='lat' dir='ltr'>„Sermones</span> 
     </span>
     <span class='ocr_line' id='line_1_11' title="bbox 155 1405 1295 1516; baseline -0.002 -28"><span class='ocrx_word' id='word_1_84' title='bbox 155 1421 189 1488; x_wconf 82' lang='lat' dir='ltr'>S.</span> <span class='ocrx_word' id='word_1_85' title='bbox 214 1420 353 1485; x_wconf 89' lang='lat' dir='ltr'>Zenonis</span> <span class='ocrx_word' id='word_1_86' title='bbox 374 1420 530 1506; x_wconf 82' lang='lat' dir='ltr'>Episcopi</span> <span class='ocrx_word' id='word_1_87' title='bbox 545 1409 741 1516; x_wconf 73' lang='lat' dir='ltr'>Veronensis</span> <span class='ocrx_word' id='word_1_88' title='bbox 753 1431 796 1486; x_wconf 66' lang='lat' dir='ltr'>*et</span> <span class='ocrx_word' id='word_1_89' title='bbox 816 1420 987 1507; x_wconf 84' lang='lat' dir='ltr'>Mar-tyris,</span> <span class='ocrx_word' id='word_1_90' title='bbox 1012 1405 1164 1485; x_wconf 80' lang='lat' dir='ltr'>Doctoris</span> <span class='ocrx_word' id='word_1_91' title='bbox 1185 1419 1295 1514; x_wconf 85' lang='lat' dir='ltr'>eximii</span> 
     </span>
     <span class='ocr_line' id='line_1_12' title="bbox 154 1523 1294 1620; baseline 0.003 -25"><span class='ocrx_word' id='word_1_92' title='bbox 154 1531 322 1598; x_wconf 90' lang='lat' dir='ltr'>Illustriss.</span> <span class='ocrx_word' id='word_1_93' title='bbox 342 1542 381 1598; x_wconf 68' lang='lat' dir='ltr'>⁴et</span> <span class='ocrx_word' id='word_1_94' title='bbox 403 1532 482 1598; x_wconf 87' lang='lat' dir='ltr'>Rev.</span> <span class='ocrx_word' id='word_1_95' title='bbox 504 1534 646 1619; x_wconf 84' lang='lat' dir='ltr'>Augusti</span> <span class='ocrx_word' id='word_1_96' title='bbox 673 1532 795 1614; x_wconf 85' lang='lat' dir='ltr'>Valerii</span> <span class='ocrx_word' id='word_1_97' title='bbox 822 1529 1008 1599; x_wconf 84' lang='lat' dir='ltr'>Cardinalis&#39;</span> <span class='ocrx_word' id='word_1_98' title='bbox 1030 1531 1178 1598; x_wconf 84' lang='lat' dir='ltr'>Veronae</span> <span class='ocrx_word' id='word_1_99' title='bbox 1201 1523 1294 1620; x_wconf 74' lang='lat' dir='ltr'>jussd</span> 
     </span>
     <span class='ocr_line' id='line_1_13' title="bbox 154 1641 1294 1733; baseline 0.001 -25"><span class='ocrx_word' id='word_1_100' title='bbox 154 1643 266 1710; x_wconf 85' lang='lat' dir='ltr'>editi.“</span> <span class='ocrx_word' id='word_1_101' title='bbox 311 1644 466 1711; x_wconf 84' lang='lat' dir='ltr'>Veronae</span> <span class='ocrx_word' id='word_1_102' title='bbox 481 1644 568 1731; x_wconf 87' lang='lat' dir='ltr'>apud</span> <span class='ocrx_word' id='word_1_103' title='bbox 583 1645 818 1733; x_wconf 83' lang='lat' dir='ltr'>Hieronymum</span> <span class='ocrx_word' id='word_1_104' title='bbox 833 1641 1039 1729; x_wconf 88' lang='lat' dir='ltr'>Discipnlum</span> <span class='ocrx_word' id='word_1_105' title='bbox 1060 1645 1126 1710; x_wconf 72' lang='lat'>42⁰2</span> <span class='ocrx_word' id='word_1_106' title='bbox 1142 1681 1183 1694; x_wconf 88' lang='lat'>-</span> <span class='ocrx_word' id='word_1_107' title='bbox 1214 1643 1294 1712; x_wconf 79' lang='lat' dir='ltr'>Edi-</span> 
     </span>
     <span class='ocr_line' id='line_1_14' title="bbox 152 1748 1294 1852; baseline 0.001 -31"><span class='ocrx_word' id='word_1_108' title='bbox 152 1767 240 1822; x_wconf 88' lang='lat' dir='ltr'>tores</span> <span class='ocrx_word' id='word_1_109' title='bbox 262 1780 327 1852; x_wconf 85' lang='lat' dir='ltr'>non</span> <span class='ocrx_word' id='word_1_110' title='bbox 349 1757 418 1822; x_wconf 91' lang='lat' dir='ltr'>sine</span> <span class='ocrx_word' id='word_1_111' title='bbox 441 1756 548 1822; x_wconf 91' lang='lat' dir='ltr'>studio</span> <span class='ocrx_word' id='word_1_112' title='bbox 570 1759 678 1832; x_wconf 86' lang='lat' dir='ltr'>omnia</span> <span class='ocrx_word' id='word_1_113' title='bbox 695 1748 742 1839; x_wconf 39' lang='lat' dir='ltr'>{ad</span> <span class='ocrx_word' id='word_1_114' title='bbox 764 1766 926 1822; x_wconf 80' lang='lat' dir='ltr'>auctorem</span> <span class='ocrx_word' id='word_1_115' title='bbox 944 1753 1169 1821; x_wconf 88' lang='lat' dir='ltr'>illustrandum</span> <span class='ocrx_word' id='word_1_116' title='bbox 1183 1779 1294 1823; x_wconf 89' lang='lat' dir='ltr'>neccs-</span> 
     </span>
     <span class='ocr_line' id='line_1_15' title="bbox 154 1854 1296 1957; baseline 0 -23"><span class='ocrx_word' id='word_1_117' title='bbox 154 1869 239 1934; x_wconf 87' lang='lat' dir='ltr'>saria</span> <span class='ocrx_word' id='word_1_118' title='bbox 261 1869 471 1955; x_wconf 87' lang='lat' dir='ltr'>collegerunt:</span> <span class='ocrx_word' id='word_1_119' title='bbox 497 1870 542 1934; x_wconf 92' lang='lat' dir='ltr'>ita</span> <span class='ocrx_word' id='word_1_120' title='bbox 563 1859 702 1957; x_wconf 81' lang='lat' dir='ltr'>hymnos</span> <span class='ocrx_word' id='word_1_121' title='bbox 715 1854 853 1953; x_wconf 23' lang='lat' dir='ltr'>lomnes,</span> <span class='ocrx_word' id='word_1_122' title='bbox 882 1869 964 1954; x_wconf 91' lang='lat' dir='ltr'>quos</span> <span class='ocrx_word' id='word_1_123' title='bbox 985 1854 1127 1935; x_wconf 88' lang='lat' dir='ltr'>invenire</span> <span class='ocrx_word' id='word_1_124' title='bbox 1148 1877 1296 1954; x_wconf 91' lang='lat' dir='ltr'>poterant</span> 
     </span>
     <span class='ocr_line' id='line_1_16' title="bbox 154 1974 1294 2068; baseline 0.004 -24"><span class='ocrx_word' id='word_1_125' title='bbox 154 1981 245 2064; x_wconf 81' lang='lat' dir='ltr'>prelo</span> <span class='ocrx_word' id='word_1_126' title='bbox 276 1981 391 2068; x_wconf 88' lang='lat' dir='ltr'>subjici</span> <span class='ocrx_word' id='word_1_127' title='bbox 418 1985 595 2068; x_wconf 88' lang='lat' dir='ltr'>jusserunt,</span> <span class='ocrx_word' id='word_1_128' title='bbox 620 1982 690 2067; x_wconf 86' lang='lat' dir='ltr'>¹ipsi</span> <span class='ocrx_word' id='word_1_129' title='bbox 712 1979 799 2047; x_wconf 85' lang='lat' dir='ltr'>satis¹</span> <span class='ocrx_word' id='word_1_130' title='bbox 812 1981 845 2046; x_wconf 91' lang='lat' dir='ltr'>in</span> <span class='ocrx_word' id='word_1_131' title='bbox 868 1974 1047 2048; x_wconf 84' lang='lat' dir='ltr'>Veronensi</span> <span class='ocrx_word' id='word_1_132' title='bbox 1068 1981 1203 2048; x_wconf 79' lang='lat' dir='ltr'>historia</span> <span class='ocrx_word' id='word_1_133' title='bbox 1223 2005 1294 2048; x_wconf 84' lang='lat' dir='ltr'>ver-</span> 
     </span>
     <span class='ocr_line' id='line_1_17' title="bbox 157 2077 1296 2178; baseline 0.003 -21"><span class='ocrx_word' id='word_1_134' title='bbox 157 2093 218 2157; x_wconf 88' lang='lat' dir='ltr'>sati</span> <span class='ocrx_word' id='word_1_135' title='bbox 241 2093 426 2178; x_wconf 87' lang='lat' dir='ltr'>etantiqua</span> <span class='ocrx_word' id='word_1_136' title='bbox 451 2087 656 2159; x_wconf 81' lang='lat' dir='ltr'>monumenta</span> <span class='ocrx_word' id='word_1_137' title='bbox 682 2104 755 2160; x_wconf 87' lang='lat' dir='ltr'>ante</span> <span class='ocrx_word' id='word_1_138' title='bbox 781 2093 892 2159; x_wconf 90' lang='lat' dir='ltr'>oculos</span> <span class='ocrx_word' id='word_1_139' title='bbox 919 2093 1086 2178; x_wconf 88' lang='lat' dir='ltr'>habentos,</span> <span class='ocrx_word' id='word_1_140' title='bbox 1114 2093 1155 2164; x_wconf 87' lang='lat' dir='ltr'>de</span> <span class='ocrx_word' id='word_1_141' title='bbox 1176 2077 1243 2158; x_wconf 85' lang='lat' dir='ltr'>vita</span> <span class='ocrx_word' id='word_1_142' title='bbox 1264 2088 1296 2160; x_wconf 82' lang='lat' dir='ltr'>et</span> 
     </span>
     <span class='ocr_line' id='line_1_18' title="bbox 155 2205 1296 2292; baseline 0.001 -23"><span class='ocrx_word' id='word_1_143' title='bbox 155 2205 251 2270; x_wconf 87' lang='lat' dir='ltr'>rebus</span> <span class='ocrx_word' id='word_1_144' title='bbox 273 2207 374 2292; x_wconf 90' lang='lat' dir='ltr'>gestis</span> <span class='ocrx_word' id='word_1_145' title='bbox 397 2207 548 2273; x_wconf 85' lang='lat' dir='ltr'>Zenonis¹</span> <span class='ocrx_word' id='word_1_146' title='bbox 566 2208 777 2272; x_wconf 83' lang='lat' dir='ltr'>narrationem</span> <span class='ocrx_word' id='word_1_147' title='bbox 810 2215 985 2291; x_wconf 84' lang='lat' dir='ltr'>exponunt:</span> <span class='ocrx_word' id='word_1_148' title='bbox 1019 2215 1158 2271; x_wconf 83' lang='lat' dir='ltr'>attamen</span> <span class='ocrx_word' id='word_1_149' title='bbox 1189 2206 1296 2270; x_wconf 86' lang='lat' dir='ltr'>omnia</span> 
     </span>
     <span class='ocr_line' id='line_1_19' title="bbox 154 2317 1296 2408; baseline 0 -26"><span class='ocrx_word' id='word_1_150' title='bbox 154 2318 234 2402; x_wconf 82' lang='lat' dir='ltr'>iere,</span> <span class='ocrx_word' id='word_1_151' title='bbox 270 2320 352 2403; x_wconf 81' lang='lat' dir='ltr'>quae</span> <span class='ocrx_word' id='word_1_152' title='bbox 374 2318 505 2385; x_wconf 87' lang='lat' dir='ltr'>adrem</span> <span class='ocrx_word' id='word_1_153' title='bbox 532 2319 768 2404; x_wconf 88' lang='lat' dir='ltr'>explanandum</span> <span class='ocrx_word' id='word_1_154' title='bbox 799 2318 941 2384; x_wconf 89' lang='lat' dir='ltr'>conferre</span> <span class='ocrx_word' id='word_1_155' title='bbox 972 2326 1134 2408; x_wconf 80' lang='lat' dir='ltr'>poterant,</span> <span class='ocrx_word' id='word_1_156' title='bbox 1165 2317 1296 2386; x_wconf 87' lang='lat' dir='ltr'>minime</span> 
     </span>
     <span class='ocr_line' id='line_1_20' title="bbox 156 2429 1305 2516; baseline 0.002 -23"><span class='ocrx_word' id='word_1_157' title='bbox 156 2429 340 2494; x_wconf 81' lang='lat' dir='ltr'>satisfacere</span> <span class='ocrx_word' id='word_1_158' title='bbox 354 2440 504 2516; x_wconf 88' lang='lat' dir='ltr'>possunt:</span> <span class='ocrx_word' id='word_1_159' title='bbox 517 2431 632 2500; x_wconf 79' lang='lat' dir='ltr'>conati</span> <span class='ocrx_word' id='word_1_160' title='bbox 648 2441 724 2497; x_wconf 82' lang='lat' dir='ltr'>sunt</span> <span class='ocrx_word' id='word_1_161' title='bbox 737 2429 868 2516; x_wconf 83' lang='lat' dir='ltr'>quidem</span> <span class='ocrx_word' id='word_1_162' title='bbox 884 2429 1112 2514; x_wconf 85' lang='lat' dir='ltr'>demonstrare,</span> <span class='ocrx_word' id='word_1_163' title='bbox 1135 2431 1305 2500; x_wconf 76' lang='lat' dir='ltr'>Zenonem·</span> 
     </span>
     <span class='ocr_line' id='line_1_21' title="bbox 69 2540 1296 2630; baseline 0.001 -25"><span class='ocrx_word' id='word_1_164' title='bbox 69 2605 73 2610; x_wconf 81' lang='grc'><strong>,</strong></span> <span class='ocrx_word' id='word_1_165' title='bbox 156 2540 402 2624; x_wconf 69' lang='lat' dir='ltr'>tertio‘saeculo</span> <span class='ocrx_word' id='word_1_166' title='bbox 424 2543 568 2630; x_wconf 81' lang='lat' dir='ltr'>martyrii</span> <span class='ocrx_word' id='word_1_167' title='bbox 591 2543 701 2627; x_wconf 80' lang='lat' dir='ltr'>palma</span> <span class='ocrx_word' id='word_1_168' title='bbox 732 2552 917 2607; x_wconf 89' lang='lat' dir='ltr'>coronatum</span> <span class='ocrx_word' id='word_1_169' title='bbox 949 2543 1063 2627; x_wconf 87' lang='lat' dir='ltr'>fuisse,</span> <span class='ocrx_word' id='word_1_170' title='bbox 1095 2551 1234 2607; x_wconf 84' lang='lat' dir='ltr'>attamen</span> <span class='ocrx_word' id='word_1_171' title='bbox 1256 2565 1296 2606; x_wconf 84' lang='lat' dir='ltr'>ex</span> 
     </span>
     <span class='ocr_line' id='line_1_22' title="bbox 155 2652 1297 2754; baseline 0.004 -38"><span class='ocrx_word' id='word_1_172' title='bbox 155 2653 253 2718; x_wconf 85' lang='lat' dir='ltr'>variis</span> <span class='ocrx_word' id='word_1_173' title='bbox 277 2652 520 2726; x_wconf 81' lang='lat' dir='ltr'>difficultatibus</span> <span class='ocrx_word' id='word_1_174' title='bbox 543 2653 653 2740; x_wconf 83' lang='lat' dir='ltr'>egredi</span> <span class='ocrx_word' id='word_1_175' title='bbox 673 2655 756 2720; x_wconf 76' lang='lat' dir='ltr'>et‘in</span> <span class='ocrx_word' id='word_1_176' title='bbox 776 2678 810 2720; x_wconf 89' lang='lat' dir='ltr'>re</span> <span class='ocrx_word' id='word_1_177' title='bbox 825 2655 973 2754; x_wconf 82' lang='lat' dir='ltr'>implexa</span> <span class='ocrx_word' id='word_1_178' title='bbox 994 2654 1114 2720; x_wconf 92' lang='lat' dir='ltr'>nodum</span> <span class='ocrx_word' id='word_1_179' title='bbox 1137 2654 1297 2739; x_wconf 87' lang='lat' dir='ltr'>explicare</span> 
     </span>
     <span class='ocr_line' id='line_1_23' title="bbox 156 2764 1295 2854; baseline 0.002 -24"><span class='ocrx_word' id='word_1_180' title='bbox 156 2789 220 2830; x_wconf 91' lang='lat' dir='ltr'>non</span> <span class='ocrx_word' id='word_1_181' title='bbox 243 2774 400 2852; x_wconf 90' lang='lat' dir='ltr'>poterant.</span> <span class='ocrx_word' id='word_1_182' title='bbox 444 2764 555 2830; x_wconf 86' lang='lat' dir='ltr'>Editio</span> <span class='ocrx_word' id='word_1_183' title='bbox 581 2767 653 2850; x_wconf 90' lang='lat' dir='ltr'>ipsa</span> <span class='ocrx_word' id='word_1_184' title='bbox 683 2765 849 2838; x_wconf 83' lang='lat' dir='ltr'>&#39;emendate</span> <span class='ocrx_word' id='word_1_185' title='bbox 881 2765 1055 2854; x_wconf 86' lang='lat' dir='ltr'>descripta,</span> <span class='ocrx_word' id='word_1_186' title='bbox 1086 2767 1214 2854; x_wconf 90' lang='lat' dir='ltr'>magnis</span> <span class='ocrx_word' id='word_1_187' title='bbox 1234 2768 1295 2832; x_wconf 90' lang='lat' dir='ltr'>im-</span> 
     </span>
     <span class='ocr_line' id='line_1_24' title="bbox 154 2878 1297 2966; baseline 0.002 -22"><span class='ocrx_word' id='word_1_188' title='bbox 154 2902 268 2966; x_wconf 86' lang='lat' dir='ltr'>pressa</span> <span class='ocrx_word' id='word_1_189' title='bbox 288 2878 420 2964; x_wconf 86' lang='lat' dir='ltr'>litteris‚&#39;</span> <span class='ocrx_word' id='word_1_190' title='bbox 440 2903 505 2945; x_wconf 91' lang='lat' dir='ltr'>non</span> <span class='ocrx_word' id='word_1_191' title='bbox 528 2879 597 2945; x_wconf 89' lang='lat' dir='ltr'>sine</span> <span class='ocrx_word' id='word_1_192' title='bbox 619 2889 769 2946; x_wconf 86' lang='lat' dir='ltr'>extraneo</span> <span class='ocrx_word' id='word_1_193' title='bbox 793 2889 843 2945; x_wconf 90' lang='lat' dir='ltr'>est</span> <span class='ocrx_word' id='word_1_194' title='bbox 864 2888 1062 2945; x_wconf 86' lang='lat' dir='ltr'>ornamento:</span> <span class='ocrx_word' id='word_1_195' title='bbox 1089 2879 1170 2962; x_wconf 69' lang='lat' dir='ltr'>ordo,</span> <span class='ocrx_word' id='word_1_196' title='bbox 1190 2889 1297 2946; x_wconf 86' lang='lat' dir='ltr'>tamen</span> 
     </span>
     <span class='ocr_line' id='line_1_25' title="bbox 155 2987 1297 3078; baseline 0.001 -21"><span class='ocrx_word' id='word_1_197' title='bbox 155 3015 338 3058; x_wconf 90' lang='lat' dir='ltr'>sermonum</span> <span class='ocrx_word' id='word_1_198' title='bbox 361 2992 492 3058; x_wconf 90' lang='lat' dir='ltr'>minime</span> <span class='ocrx_word' id='word_1_199' title='bbox 514 2987 700 3077; x_wconf 87' lang='lat' dir='ltr'>probandus</span> <span class='ocrx_word' id='word_1_200' title='bbox 724 3001 794 3078; x_wconf 79' lang='lat' dir='ltr'>ost‚‘</span> <span class='ocrx_word' id='word_1_201' title='bbox 810 2993 929 3078; x_wconf 86' lang='lat' dir='ltr'>quippe</span> <span class='ocrx_word' id='word_1_202' title='bbox 949 2991 1038 3077; x_wconf 87' lang='lat' dir='ltr'>quod</span> <span class='ocrx_word' id='word_1_203' title='bbox 1052 2992 1186 3058; x_wconf 88' lang='lat' dir='ltr'>aliorum</span> <span class='ocrx_word' id='word_1_204' title='bbox 1201 2994 1297 3078; x_wconf 88' lang='lat' dir='ltr'>plane</span> 
     </span>
    </p>
   </div>
   <div class='ocr_carea' id='block_1_5' title="bbox 58 3104 1297 3191">
    <p class='ocr_par' dir='ltr' id='par_1_5' title="bbox 58 3104 1297 3191">
     <span class='ocr_line' id='line_1_26' title="bbox 58 3104 1297 3191; baseline 0.002 -24"><span class='ocrx_word' id='word_1_205' title='bbox 58 3136 61 3141; x_wconf 93' lang='lat'>·</span> <span class='ocrx_word' id='word_1_206' title='bbox 156 3104 349 3189; x_wconf 88' lang='lat' dir='ltr'>scriptorum</span> <span class='ocrx_word' id='word_1_207' title='bbox 384 3127 547 3171; x_wconf 85' lang='lat' dir='ltr'>sermones</span> <span class='ocrx_word' id='word_1_208' title='bbox 579 3107 663 3170; x_wconf 83' lang='lat' dir='ltr'>inter</span> <span class='ocrx_word' id='word_1_209' title='bbox 693 3105 849 3191; x_wconf 88' lang='lat' dir='ltr'>genuinos</span> <span class='ocrx_word' id='word_1_210' title='bbox 881 3113 1036 3170; x_wconf 84' lang='lat' dir='ltr'>tractatus</span> <span class='ocrx_word' id='word_1_211' title='bbox 1068 3114 1151 3170; x_wconf 91' lang='lat' dir='ltr'>sunt·</span> <span class='ocrx_word' id='word_1_212' title='bbox 1175 3105 1297 3188; x_wconf 48' lang='lat' dir='ltr'>inserti*</span> 
     </span>
    </p>
   </div>
   <div class='ocr_carea' id='block_1_6' title="bbox 156 3205 1297 4311">
    <p class='ocr_par' dir='ltr' id='par_1_6' title="bbox 156 3205 1297 4311">
     <span class='ocr_line' id='line_1_27' title="bbox 157 3205 1297 3310; baseline 0.003 -32"><span class='ocrx_word' id='word_1_213' title='bbox 157 3205 309 3299; x_wconf 83' lang='lat' dir='ltr'>tanquam</span> <span class='ocrx_word' id='word_1_214' title='bbox 340 3217 500 3282; x_wconf 90' lang='lat' dir='ltr'>Zenonem</span> <span class='ocrx_word' id='word_1_215' title='bbox 531 3217 701 3284; x_wconf 90' lang='lat' dir='ltr'>habuerint</span> <span class='ocrx_word' id='word_1_216' title='bbox 725 3227 921 3310; x_wconf 45' lang='lat' dir='ltr'>auctorem*</span> <span class='ocrx_word' id='word_1_217' title='bbox 949 3215 1047 3299; x_wconf 76' lang='lat' dir='ltr'>Qdod</span> <span class='ocrx_word' id='word_1_218' title='bbox 1077 3227 1183 3284; x_wconf 88' lang='lat' dir='ltr'>autem</span> <span class='ocrx_word' id='word_1_219' title='bbox 1214 3217 1297 3281; x_wconf 86' lang='lat' dir='ltr'>hanc</span> 
     </span>
     <span class='ocr_line' id='line_1_28' title="bbox 157 3326 1296 3414; baseline 0.001 -22"><span class='ocrx_word' id='word_1_220' title='bbox 157 3326 330 3392; x_wconf 89' lang='lat' dir='ltr'>editionem</span> <span class='ocrx_word' id='word_1_221' title='bbox 353 3327 556 3412; x_wconf 79' lang='lat' dir='ltr'>singulariter</span> <span class='ocrx_word' id='word_1_222' title='bbox 576 3328 917 3414; x_wconf 84' lang='lat' dir='ltr'>facit-vituperabilem</span> <span class='ocrx_word' id='word_1_223' title='bbox 940 3337 1015 3395; x_wconf 89' lang='lat' dir='ltr'>sunt</span> <span class='ocrx_word' id='word_1_224' title='bbox 1036 3328 1173 3396; x_wconf 85' lang='lat' dir='ltr'>audaces</span> <span class='ocrx_word' id='word_1_225' title='bbox 1189 3352 1296 3394; x_wconf 91' lang='lat' dir='ltr'>emen-</span> 
     </span>
     <span class='ocr_line' id='line_1_29' title="bbox 157 3425 1296 3526; baseline 0 -22"><span class='ocrx_word' id='word_1_226' title='bbox 157 3439 303 3505; x_wconf 89' lang='lat' dir='ltr'>dationes</span> <span class='ocrx_word' id='word_1_227' title='bbox 329 3448 465 3523; x_wconf 57' lang='lat' dir='ltr'>terrun·</span> <span class='ocrx_word' id='word_1_228' title='bbox 481 3462 561 3523; x_wconf 84' lang='lat' dir='ltr'>quas</span> <span class='ocrx_word' id='word_1_229' title='bbox 586 3441 717 3526; x_wconf 87' lang='lat' dir='ltr'>proprio</span> <span class='ocrx_word' id='word_1_230' title='bbox 739 3437 846 3506; x_wconf 80' lang='lat' dir='ltr'>Marte</span> <span class='ocrx_word' id='word_1_231' title='bbox 873 3450 905 3506; x_wconf 89' lang='lat' dir='ltr'>et</span> <span class='ocrx_word' id='word_1_232' title='bbox 921 3425 1052 3507; x_wconf 88' lang='lat' dir='ltr'>&#39;summa</span> <span class='ocrx_word' id='word_1_233' title='bbox 1073 3459 1146 3506; x_wconf 84' lang='lat' dir='ltr'>cunr</span> <span class='ocrx_word' id='word_1_234' title='bbox 1167 3439 1296 3504; x_wconf 91' lang='lat' dir='ltr'>licentia</span> 
     </span>
     <span class='ocr_line' id='line_1_30' title="bbox 157 3533 1295 3648; baseline -0.001 -31"><span class='ocrx_word' id='word_1_235' title='bbox 157 3559 367 3637; x_wconf 90' lang='lat' dir='ltr'>susceperunt</span> <span class='ocrx_word' id='word_1_236' title='bbox 389 3533 550 3617; x_wconf 71' lang='lat' dir='ltr'>editores·</span> <span class='ocrx_word' id='word_1_237' title='bbox 567 3552 632 3648; x_wconf 32' lang='lat' dir='ltr'>&#39;Ita</span> <span class='ocrx_word' id='word_1_238' title='bbox 653 3577 703 3618; x_wconf 86' lang='lat' dir='ltr'>ex.</span> <span class='ocrx_word' id='word_1_239' title='bbox 725 3565 772 3640; x_wconf 65' lang='lat' dir='ltr'>gr:</span> <span class='ocrx_word' id='word_1_240' title='bbox 794 3553 915 3639; x_wconf 83' lang='lat' dir='ltr'>locum,</span> <span class='ocrx_word' id='word_1_241' title='bbox 938 3555 995 3619; x_wconf 89' lang='lat' dir='ltr'>ubi</span> <span class='ocrx_word' id='word_1_242' title='bbox 1018 3553 1057 3619; x_wconf 90' lang='lat' dir='ltr'>de</span> <span class='ocrx_word' id='word_1_243' title='bbox 1080 3551 1295 3638; x_wconf 87' lang='lat' dir='ltr'>quadringen-</span> 
     </span>
     <span class='ocr_line' id='line_1_31' title="bbox 156 3663 1295 3751; baseline 0.002 -25"><span class='ocrx_word' id='word_1_244' title='bbox 156 3664 199 3728; x_wconf 90' lang='lat' dir='ltr'>tis</span> <span class='ocrx_word' id='word_1_245' title='bbox 232 3664 349 3750; x_wconf 88' lang='lat' dir='ltr'>legitur</span> <span class='ocrx_word' id='word_1_246' title='bbox 379 3665 486 3748; x_wconf 84' lang='lat' dir='ltr'>annis,</span> <span class='ocrx_word' id='word_1_247' title='bbox 524 3665 580 3748; x_wconf 92' lang='lat' dir='ltr'>qui</span> <span class='ocrx_word' id='word_1_248' title='bbox 608 3675 697 3731; x_wconf 83' lang='lat' dir='ltr'>&#39;recte</span> <span class='ocrx_word' id='word_1_249' title='bbox 728 3667 770 3731; x_wconf 92' lang='lat' dir='ltr'>in.</span> <span class='ocrx_word' id='word_1_250' title='bbox 793 3667 897 3751; x_wconf 89' lang='lat' dir='ltr'>prima</span> <span class='ocrx_word' id='word_1_251' title='bbox 929 3666 1069 3731; x_wconf 89' lang='lat' dir='ltr'>editione</span> <span class='ocrx_word' id='word_1_252' title='bbox 1106 3663 1295 3746; x_wconf 83' lang='lat' dir='ltr'>continetur,</span> 
     </span>
     <span class='ocr_line' id='line_1_32' title="bbox 157 3773 1296 3864; baseline 0.001 -25"><span class='ocrx_word' id='word_1_253' title='bbox 157 3773 419 3860; x_wconf 86' lang='lat' dir='ltr'>emendaverunt,</span> <span class='ocrx_word' id='word_1_254' title='bbox 441 3785 605 3861; x_wconf 84' lang='lat' dir='ltr'>praeterea</span> <span class='ocrx_word' id='word_1_255' title='bbox 627 3778 711 3864; x_wconf 88' lang='lat' dir='ltr'>loca,</span> <span class='ocrx_word' id='word_1_256' title='bbox 734 3777 816 3864; x_wconf 80' lang='lat' dir='ltr'>quae</span> <span class='ocrx_word' id='word_1_257' title='bbox 838 3780 1002 3845; x_wconf 90' lang='lat' dir='ltr'>minimam</span> <span class='ocrx_word' id='word_1_258' title='bbox 1025 3777 1239 3863; x_wconf 86' lang='lat' dir='ltr'>suspicionem</span> <span class='ocrx_word' id='word_1_259' title='bbox 1254 3775 1296 3844; x_wconf 88' lang='lat' dir='ltr'>de</span> 
     </span>
     <span class='ocr_line' id='line_1_33' title="bbox 157 3887 1295 3978; baseline 0.001 -26"><span class='ocrx_word' id='word_1_260' title='bbox 157 3887 348 3960; x_wconf 84' lang='lat' dir='ltr'>orthodoxia</span> <span class='ocrx_word' id='word_1_261' title='bbox 362 3891 500 3978; x_wconf 83' lang='lat' dir='ltr'>auctoris</span> <span class='ocrx_word' id='word_1_262' title='bbox 522 3891 627 3957; x_wconf 87' lang='lat' dir='ltr'>facere</span> <span class='ocrx_word' id='word_1_263' title='bbox 648 3900 804 3976; x_wconf 86' lang='lat' dir='ltr'>poterant,</span> <span class='ocrx_word' id='word_1_264' title='bbox 827 3916 927 3977; x_wconf 88' lang='lat' dir='ltr'>eaque</span> <span class='ocrx_word' id='word_1_265' title='bbox 943 3900 997 3961; x_wconf 90' lang='lat' dir='ltr'>aut</span> <span class='ocrx_word' id='word_1_266' title='bbox 1012 3889 1211 3962; x_wconf 86' lang='lat' dir='ltr'>adauxerunt</span> <span class='ocrx_word' id='word_1_267' title='bbox 1229 3889 1295 3954; x_wconf 89' lang='lat' dir='ltr'>suis</span> 
     </span>
     <span class='ocr_line' id='line_1_34' title="bbox 157 3995 1295 4088; baseline 0 -22"><span class='ocrx_word' id='word_1_268' title='bbox 157 4001 333 4072; x_wconf 80' lang='lat' dir='ltr'>corollariis</span> <span class='ocrx_word' id='word_1_269' title='bbox 361 3995 419 4068; x_wconf 73' lang='lat' dir='ltr'>&#39;aut</span> <span class='ocrx_word' id='word_1_270' title='bbox 449 4013 714 4088; x_wconf 88' lang='lat' dir='ltr'>transmutarunt‚</span> <span class='ocrx_word' id='word_1_271' title='bbox 745 4005 790 4069; x_wconf 89' lang='lat' dir='ltr'>ita</span> <span class='ocrx_word' id='word_1_272' title='bbox 819 4015 856 4070; x_wconf 94' lang='lat' dir='ltr'>ut</span> <span class='ocrx_word' id='word_1_273' title='bbox 882 4013 967 4070; x_wconf 89' lang='lat' dir='ltr'>certe</span> <span class='ocrx_word' id='word_1_274' title='bbox 989 4001 1135 4069; x_wconf 89' lang='lat' dir='ltr'>doctrina</span> <span class='ocrx_word' id='word_1_275' title='bbox 1156 4001 1295 4066; x_wconf 90' lang='lat' dir='ltr'>Zenonis</span> 
     </span>
     <span class='ocr_line' id='line_1_35' title="bbox 156 4113 1295 4202; baseline 0 -26"><span class='ocrx_word' id='word_1_276' title='bbox 156 4114 190 4178; x_wconf 93' lang='lat' dir='ltr'>in</span> <span class='ocrx_word' id='word_1_277' title='bbox 213 4115 347 4202; x_wconf 80' lang='lat' dir='ltr'>singulis</span> <span class='ocrx_word' id='word_1_278' title='bbox 369 4115 510 4200; x_wconf 89' lang='lat' dir='ltr'>periodis</span> <span class='ocrx_word' id='word_1_279' title='bbox 539 4117 636 4182; x_wconf 91' lang='lat' dir='ltr'>nullis</span> <span class='ocrx_word' id='word_1_280' title='bbox 663 4117 760 4181; x_wconf 87' lang='lat' dir='ltr'>armis</span> <span class='ocrx_word' id='word_1_281' title='bbox 788 4113 921 4202; x_wconf 86' lang='lat' dir='ltr'>aggredi</span> <span class='ocrx_word' id='word_1_282' title='bbox 950 4115 1068 4202; x_wconf 88' lang='lat' dir='ltr'>possit,</span> <span class='ocrx_word' id='word_1_283' title='bbox 1100 4120 1240 4195; x_wconf 86' lang='lat' dir='ltr'>attamen</span> <span class='ocrx_word' id='word_1_284' title='bbox 1262 4113 1295 4177; x_wconf 96' lang='lat' dir='ltr'>hi</span> 
     </span>
     <span class='ocr_line' id='line_1_36' title="bbox 157 4215 1295 4311; baseline 0 -20"><span class='ocrx_word' id='word_1_285' title='bbox 157 4226 318 4292; x_wconf 88' lang='lat' dir='ltr'>emendati</span> <span class='ocrx_word' id='word_1_286' title='bbox 338 4227 402 4292; x_wconf 90' lang='lat' dir='ltr'>loci</span> <span class='ocrx_word' id='word_1_287' title='bbox 423 4229 456 4292; x_wconf 94' lang='lat' dir='ltr'>in</span> <span class='ocrx_word' id='word_1_288' title='bbox 475 4229 681 4295; x_wconf 84' lang='lat' dir='ltr'>cohaerentia</span> <span class='ocrx_word' id='word_1_289' title='bbox 703 4249 776 4293; x_wconf 89' lang='lat' dir='ltr'>curn</span> <span class='ocrx_word' id='word_1_290' title='bbox 799 4227 869 4290; x_wconf 91' lang='lat' dir='ltr'>aliis</span> <span class='ocrx_word' id='word_1_291' title='bbox 895 4225 1037 4311; x_wconf 87' lang='lat' dir='ltr'>periodis</span> <span class='ocrx_word' id='word_1_292' title='bbox 1061 4215 1295 4308; x_wconf 81' lang='lat' dir='ltr'>saepenumero</span> 
     </span>
    </p>
   </div>
   <div class='ocr_carea' id='block_1_7' title="bbox 157 4335 1296 4424">
    <p class='ocr_par' dir='ltr' id='par_1_7' title="bbox 157 4335 1296 4424">
     <span class='ocr_line' id='line_1_37' title="bbox 157 4335 1296 4424; baseline -0.006 -19"><span class='ocrx_word' id='word_1_293' title='bbox 157 4340 273 4405; x_wconf 88' lang='lat' dir='ltr'>bonam</span> <span class='ocrx_word' id='word_1_294' title='bbox 295 4340 465 4405; x_wconf 86' lang='lat' dir='ltr'>verborum</span> <span class='ocrx_word' id='word_1_295' title='bbox 488 4342 677 4405; x_wconf 90' lang='lat' dir='ltr'>sententiam</span> <span class='ocrx_word' id='word_1_296' title='bbox 700 4337 776 4402; x_wconf 84' lang='lat' dir='ltr'>dare</span> <span class='ocrx_word' id='word_1_297' title='bbox 802 4360 867 4401; x_wconf 91' lang='lat' dir='ltr'>non</span> <span class='ocrx_word' id='word_1_298' title='bbox 893 4348 1037 4424; x_wconf 88' lang='lat' dir='ltr'>possunt.</span> <span class='ocrx_word' id='word_1_299' title='bbox 1060 4377 1103 4388; x_wconf 86' lang='lat'><em>-</em></span> <span class='ocrx_word' id='word_1_300' title='bbox 1148 4335 1245 4406; x_wconf 82' lang='lat' dir='ltr'>Certo</span> <span class='ocrx_word' id='word_1_301' title='bbox 1260 4337 1296 4401; x_wconf 83' lang='lat' dir='ltr'>¹si</span> 
     </span>
    </p>
   </div>
   <div class='ocr_carea' id='block_1_8' title="bbox 1500 281 1502 376">
    <p class='ocr_par' dir='ltr' id='par_1_8' title="bbox 1500 281 1502 376">
     <span class='ocr_line' id='line_1_38' title="bbox 1500 281 1502 376; baseline 0 0"><span class='ocrx_word' id='word_1_302' title='bbox 1500 281 1502 376; x_wconf 64' lang='lat' dir='ltr'>i</span> 
     </span>
    </p>
   </div>
   <div class='ocr_carea' id='block_1_9' title="bbox 1448 377 1502 480">
    <p class='ocr_par' dir='ltr' id='par_1_9' title="bbox 1448 377 1502 480">
     <span class='ocr_line' id='line_1_39' title="bbox 1448 377 1502 424; baseline 0 0"><span class='ocrx_word' id='word_1_303' title='bbox 1448 409 1451 418; x_wconf 71' lang='grc'><em>.</em></span> <span class='ocrx_word' id='word_1_304' title='bbox 1501 377 1502 424; x_wconf 87' lang='lat' dir='ltr'>l</span> 
     </span>
     <span class='ocr_line' id='line_1_40' title="bbox 1501 473 1502 480; baseline 0 0"><span class='ocrx_word' id='word_1_305' title='bbox 1501 473 1502 480; x_wconf 66' lang='grc'>,</span> 
     </span>
    </p>
   </div>
   <div class='ocr_carea' id='block_1_10' title="bbox 0 0 1513 4936">
    <p class='ocr_par' dir='ltr' id='par_1_10' title="bbox 0 0 1513 4936">
     <span class='ocr_line' id='line_1_41' title="bbox 0 0 1513 4936; baseline 0 0"><span class='ocrx_word' id='word_1_306' title='bbox 0 0 1513 4936; x_wconf 95' lang='lat' dir='ltr'> </span> 
     </span>
    </p>
   </div>
  </div>
 </body>
</html>
