3012 4936
763 240 804 312 ts

210 401 395 489 praevidere
424 399 536 466 animo
567 399 762 485 potuissent,
793 400 955 466 Zenonem
978 401 1262 487 decimoseptimo
1285 427 1354 470 sae-

210 516 284 582 culo
308 514 404 590 nimis
427 512 508 578 duro
526 510 650 599 judicio
673 535 693 576 a
714 511 846 578 Petavio
873 513 1086 598 vituperatum
1119 517 1201 598 fore,
1233 527 1355 592 mature

210 627 245 694 id
264 623 512 713 praecavissent!
541 622 650 705 Quum
672 623 909 710 ergo-maxime
931 633 1007 692 sunt
1029 625 1242 711 collaudandi,
1267 628 1355 714 quod

210 763 337 806 omnem
363 755 492 822 operam
515 745 547 802 et
570 735 733 806 doctrinae
760 757 837 802 suae
867 737 952 803 vires
983 737 1201 823 intenderunt,
1232 750 1269 805 ut
1291 741 1352 806 Pa·

209 861 336 917 tronum
362 848 463 916 Urbis
486 871 562 914 suae
584 846 762 914 Paternalis
779 847 999 932 illustrarent,
1026 851 1139 916 merita
1166 854 1234 938 ejus
1261 875 1352 935 prae·

209 962 368 1046 dicantes,
390 961 436 1026 ita
457 983 521 1024 non
544 960 621 1024 satis
649 967 725 1026 sunt
746 959 963 1044 vituperandi,
984 961 1075 1046 ¹quod
1097 962 1299 1030 commodam
1322 975 1354 1030 et

209 1075 311 1140 levem
335 1072 566 1139 emendationis
591 1072 680 1138 'riam
711 1070 863 1156 inierunt,
895 1072 984 1157 quod
1013 1074 1133 1140 nemini
1163 1075 1232 1140 sine
1263 1078 1351 1162 gravi

210 1208 307 1262 causa
329 1185 441 1252 critica
461 1185 542 1250 ratio
564 1184 730 1271 permittit,
753 1207 817 1256 non
838 1195 997 1252 conantes·
1007 1183 1229 1276 orthodoxiam
1247 1189 1349 1254 Ze'no-

209 1300 259 1366 nis
282 1299 345 1364 alio
367 1295 475 1380 modo,
498 1320 594 1382 quem
616 1295 768 1364 adhibere
790 1306 938 1382 poterant
959 1296 1086 1386 eruditi,
1108 1302 1350 1387 0101001810-

212 1413 330 1478 riosius
352 1421 386 1478 et
410 1410 461 1476 rei·
483 1409 723 1476 accomodatius
754 1409 934 1478 defendere.
957 1449 998 1460 -
1042 1409 1135 1476 Haeo
1156 1407 1299 1497 Bagatae
1321 1425 1352 1478 et

208 1522 330 1600 Peretti
353 1521 452 1588 editio
466 1522 622 1596 ‚omnibus
642 1523 911 1607 subsequentibus
930 1508 1033 1609 nsque
1048 1523 1090 1590 ad
1104 1523 1350 1592 Ballerinianam

205 1634 413 1702 fundamento
444 1634 513 1700 fuit.
548 1625 676 1700 *Becusi
707 1644 786 1706 sunt,
811 1637 917 1700 autem
939 1644 1093 1720 tractatus
1115 1636 1291 1702 Zenoniani
1317 1639 1348 1704 in

207 1745 411 1812 Bibliotheca
441 1747 574 1812 Patrum
604 1747 772 1834 Bigneana
801 1745 895 1838 ¹Tom.
910 1746 973 1811 ΠΙ.
1002 1747 1139 1814 Parisiis
1176 1751 1258 1816 1589
1290 1751 1349 1818 sub

204 1857 313 1924 titulo:
338 1857 392 1938 „S.
415 1857 555 1924 Zenonis
576 1857 733 1943 Episcopi
754 1858 951 1924 Veronensis
974 1858 1014 1924 de
1036 1858 1181 1944 plurimis
1205 1862 1238 1930 S.
1261 1861 1347 1930 Scri-

203 1977 315 2056 pturas
330 1969 418 2036 locis
440 1978 499 2034 etc.
523 1992 686 2035 sermones
691 1975 721 2050 ,“
746 2009 787 2020 —
810 1971 843 2034 in
865 1970 1068 2038 Bibliotheca
1091 1969 1222 2038 Patruin
1254 1975 1344 2040 Pari-

205 2081 264 2150 siis
284 2080 370 2167 apud
381 2082 475 2168 cleg.
500 2080 674 2147 Morellnm
700 2084 794 2150 1644.
816 2081 908 2149 Tom.
923 2083 968 2150 Π.
992 2085 1052 2150 col.
1075 2087 1139 2152 359
1162 2108 1210 2170 sq.
1234 2097 1266 2152 et
1286 2089 1344 2154 ibi-

208 2194 281 2260 dem
306 2193 510 2260 ineditam
535 2195 628 2260 1654.
657 2233 698 2242 -—
743 2197 840 2261 Anno
870 2198 953 2262 1657
981 2196 1135 2284 Lugduni
1165 2202 1341 2285 sumptibus

203 2305 369 2372 Laurentii
398 2307 541 2373 Annson
573 2316 606 2371 et
635 2305 773 2372 Joannis
805 2305 900 2391 Bapt.
929 2307 1088 2374 Deveuet:
1130 2310 1185 2392 „S.
1208 2313 1339 2377 Zenonis

203 2409 368 2486 sermones
396 2418 498 2506 varii‘f
521 2417 562 2484 -in
587 2417 722 2506 'Aloysii
752 2418 949 2504 Lippomani
976 2419 1105 2502 ⁴Catena
1130 2421 1163 2488 in
1192 2423 1342 2500 Genesim

205 2530 259 2598 fol.
282 2571 323 2580 -
367 2531 431 2596 An.
450 2530 534 2598 1662
553 2511 686 2596 Parisiis
699 2531 890 2618 sumptibus
905 2533 1044 2599 Bertier:
1067 2532 1100 2600 S.
1117 2534 1255 2602 Zenonis
1279 2559 1343 2602 ser-

204 2665 314 2716 mones
335 2643 415 2710 varii
437 2645 470 2710 in
492 2643 659 2710 Francisoi
671 2643 871 2712 ‘Combefisii
889 2643 1096 2732 Bibliotheca
1107 2646 1239 2712 Patrum
1256 2645 1344 2716 Cou-

206 2755 390 2822 ciouatcria.
415 2796 483 2840 -.
508 2755 549 2819 In
579 2742 784 2832 Bibliotheca
812 2756 959 2822 Maxima
979 2758 1110 2830 Patrum
1132 2756 1345 2842 Lugdunensi

203 2865 290 2949 apud
310 2867 504 2932 Anissonios
527 2889 577 2930 an.
602 2868 695 2932 1677.
717 2867 786 2933 fol:
822 2849 960 2933 Zenonis
988 2890 1150 2932 sermones
1173 2867 1264 2930 Tom.
1279 2869 1342 2932 HI.

203 2999 276 3064 pag.
292 2977 356 3042 359
373 2998 432 3060 sq„
456 2974 572 3061 quibus
595 2978 748 3060 pagi-356
771 2977 909 3044 Zenonis
931 2976 998 3038 vit'a
1019 2977 1195 3059 praemissa
1217 2986 1275 3042 est.
1299 2959 1346 3027 —'

199 3088 263 3153 An.
288 3089 373 3153 1710
394 3085 572 3154 accuratior
594 3085 694 3152 editio
715 3085 848 3171 prodiit,
871 3085 1010 3150 Patavii:
1035 3087 1089 3168 „S.
1111 3087 1249 3154 Zenonis
1272 3089 1340 3156 Ve-

200 3199 344 3265 ronensis
376 3199 533 3285 Episcopi
548 3209 594 3278 *et
625 3197 796 3287 Martyris,
832 3196 986 3262 Doctoris
1018 3198 1140 3266 eximii.
1158 3200 1345 3285 Sermonem

200 3310 454 3378 Eminentissimi
481 3320 513 3377 et
539 3310 810 3377 Reverendissimi
836 3309 1013 3395 Augustini
1035 3309 1157 3378 Valerii
1183 3313 1340 3400 Episcopi

200 3434 233 3490 et
254 3421 436 3494 Cardinalis
460 3411 607 3490 Veronae
641 3424 792 3508 primum:
823 3445 909 3488 nunc
940 3419 1044 3488 denuo
1067 3413 1282 3491 Illustrissirni
1308 3438 1340 3492 et

199 3535 471 3603 Reverendissimi
497 3535 633 3602 Joannis
656 3529 1016 3601 Francisoi‘ssarbadiei
1038 3535 1235 3604 Veronensis
1258 3537 1337 3624 Epi-

200 3650 291 3734 scopi
312 3648 458 3734 (accedit'
475 3647 597 3722 vitaS.
612 3647 751 3718 Zenonis
773 3670 831 3732 per
845 3646 1026 3731 Baptistam
1041 3647 1205 3714 Perottum
1220 3649 1337 3715 Archi·

198 3747 421 3848 presbyterum
436 3759 470 3828 S.
485 3760 622 3854 Joannis
636 3759 670 3822 in
685 3747 899 3826 Ι1101101101100
914 3757 1075 3844 descripta
1090 3783 1139 3836 an.
1158 3762 1256 3847 1597)
1272 3763 1338 3840 4⁸?-

252 3933 257 3944 .
303 3872 507 3957 Quamquam
530 3884 604 3958 post
625 3880 674 3936 tot
693 3871 946 3938 Zenonianorum
969 3853 1337 3960 tractatuum'editiones

198 3985 291 4050 multi
313 3985 485 4069 scriptores
507 3974 611 4049 varios
634 3981 848 4050 dubitationes
864 3969 1163 4068 contra-primorum
1179 3983 1337 4050 editorum

198 4098 386 4185 pracsertim
409 4095 696 4162 demonstrationes
719 4095 932 4182 protulerunt3
952 4094 1039 4170 *nihil
1066 4105 1172 4162 tamen
1200 4097 1240 4162 ab
1268 4096 1336 4162 edi·

197 4207 321 4285 toribus
335 4189 418 4295 'post
438 4206 596 4295 Bagatam
619 4218 651 4272 et
665 4207 829 4274 Perettum
852 4205 983 4272 adrem
1006 4207 1238 4294 explanandam
1261 4231 1335 4294 pro-

197 4320 297 4396 latum
314 4330 372 4405 est,
388 4343 486 4408 quare
496 4343 548 4387 res
559 4330 626 4387 tota
637 4317 742 4386 adhuc
754 4319 787 4384 in
796 4318 997 4386 incunabulis
1015 4319 1253 4405 quodammodo
1269 4321 1335 4388 col·
