3012 4936
727 261 784 327 tot

185 422 306 509 optime
328 445 347 486 a
368 421 496 486 Zenone
519 422 691 508 perstringi
713 422 830 508 potuit,
864 430 900 485 nt
920 417 1087 486 Ballerinii
1116 417 1325 501 arbitrantur;

185 531 322 600 docebat
349 533 433 598 enim
457 533 628 617 Photinus,
657 531 823 602 Christum
851 533 891 598 ab
918 541 1008 596 utero
1030 531 1176 618 Virginis
1199 533 1326 600 Mariae
1393 575 1399 588 ι

185 647 361 732 sumpsisse
384 645 586 731 principium.
630 645 791 728 Bonachi,
819 644 876 730 qui
902 644 1016 708 nullibi
1038 643 1240 710 obliviscitur
1262 647 1324 711 Pa·

185 768 269 822 trnm
284 759 424 844 proferre
440 758 613 822 sententias
629 756 669 822 de
685 757 880 838 haeresibus,
896 756 958 821 hoe
973 756 1045 820 looo
1060 756 1191 842 proprio
1207 757 1325 841 Marte,

185 869 273 934 nulla
294 868 390 933 allata
411 869 613 950 anctoritate,
626 869 899 933 'Photinianorum
923 891 1061 933 errorem
1085 867 1205 954 detegit
1212 893 1220 948 ;
1244 880 1324 934 atta-

185 1005 259 1045 men
281 981 309 1046 si
330 991 473 1045 veterum
496 981 616 1066 scripta
639 981 734 1046 etiam
757 982 789 1045 in
806 981 866 1046 huo
881 981 1014 1048 materia
1029 979 1237 1066 persolvisset
1252 1005 1322 1046 oum

187 1091 309 1174 studio,
341 1091 428 1176 quod
461 1103 546 1158 oerte
580 1093 612 1156 in
644 1092 921 1158 dissertationibus
948 1096 1016 1179 ejus
1038 1091 1240 1178 perspicuum
1263 1103 1320 1176 est,

186 1203 373 1284 invenisset,
411 1215 499 1269 recte
535 1203 727 1270 Ballerinios
760 1203 932 1292 judicasse.
982 1208 1109 1270 trauca
1149 1206 1316 1269 Victorinus

186 1313 261 1379 Lib.
275 1313 320 1378 II.
343 1314 415 1379 adv.
438 1317 567 1399 Arium,
594 1317 639 1380 ita
661 1317 807 1382 Marcelli
834 1316 990 1382 haeresim
1018 1341 1037 1380 a
1062 1315 1253 1380 Photiniana
1273 1313 1318 1378 di-

188 1427 335 1513 stinguit:
381 1427 475 1508 „Hoo
497 1447 573 1493 vero
595 1439 757 1516 postremo
788 1429 926 1494 haeresis
959 1427 1051 1510 dicit,
1083 1427 1135 1493 oui
1157 1426 1323 1492 similis'et

188 1537 243 1603 illa
265 1547 328 1622 ast,
351 1540 400 1604 vel
424 1563 506 1625 quae
530 1565 549 1604 a
571 1541 678 1605 Maria
700 1539 944 1626 dioit'ooepisse
967 1537 1147 1616 Christnm3
1169 1537 1220 1602 vel
1244 1561 1325 1622 quae

188 1673 251 1715 non
273 1651 379 1738 ipsum
402 1653 487 1734 λόγον
502 1651 653 1718 induisse
676 1677 812 1736 carnem,
836 1652 894 1718 sed
918 1651 1138 1737 adsumpsisse
1153 1649 1325 1730 hominem,

188 1772 224 1826 ut
245 1787 319 1828 eum
341 1764 409 1850 ipse
432 1767 517 1845 λόγος
538 1775 674 1850 regeret3
702 1763 797 1848 atque
819 1763 880 1828 hoo
902 1763 1091 1844 Mareellus,
1120 1759 1208 1846 quod
1230 1784 1325 1848 supe-

187 1875 254 1940 rius
277 1883 398 1956 autem,
421 1875 610 1940 Photinus.“
655 1875 723 1940 Leo
746 1884 852 1940 autem
875 1876 1017 1961 Magnus
1039 1897 1185 1939 sermone
1206 1873 1280 1938 IVto
1294 1874 1326 1936 in

187 1986 298 2051 Nativ.
320 1986 454 2050 Domini
477 1987 525 2071 (in
547 1985 623 2052 edit.
645 1986 892 2052 Balloriniorum
912 1986 1057 2052 Venetiis
1082 1989 1174 2053 1753.
1197 1986 1288 2050 Tom.
1300 1986 1326 2050 1.

188 2121 262 2185 pag.
285 2100 344 2184 81)
365 2121 435 2184 eap.
459 2098 501 2162 V.
525 2097 620 2162 dixit:
643 2098 831 2186 (Photinus)
854 2099 886 2163 in
910 2096 1041 2166 Christo
1063 2121 1173 2163 verum
1196 2107 1228 2162 et
1250 2099 1326 2164 sub-

189 2211 324 2277 stantiae
346 2213 473 2276 nostrae
496 2212 659 2276 confessus
687 2222 735 2276 est
761 2211 937 2288 hominem3
965 2209 1024 2276 sed
1045 2208 1191 2274 eumdem
1218 2210 1326 2274 Deum

189 2321 230 2388 de
251 2323 324 2387 Deo
346 2332 419 2388 ante
442 2323 548 2386 omnia
571 2322 698 2387 saecula
719 2332 828 2386 natum
851 2345 921 2388 esse
952 2345 1017 2387 non
1048 2319 1184 2388 eredidit
1199 2322 1261 2409 ').“·
1284 2361 1326 2370 -

188 2435 241 2500 De
262 2435 362 2500 altero
385 2457 491 2500 errore
512 2459 532 2499 a
554 2435 682 2500 Zenone
704 2442 823 2499 attactu
847 2437 913 2522 jam
945 2457 1042 2520 supra
1073 2432 1228 2516 diximus,
1259 2433 1327 2498 Bo-

188 2547 337 2613 naohium
359 2547 392 2612 in
414 2572 452 2613 eo
474 2547 691 2644 Beryllianam
717 2547 873 2612 haeresim
900 2545 1100 2632 perstrictam
1128 2545 1243 2610 habere
1270 2567 1327 2608 vo-

188 2659 296 2724 luisse.
342 2659 381 2723 ln
414 2661 475 2726 hoo
509 2659 665 2746 opusculo
697 2658 782 2724 idern
816 2659 931 2746 repetit
956 2658 1116 2740 Bonaohi,
1149 2657 1224 2742 quia
1254 2667 1329 2742 post

189 2770 338 2838 undecim
361 2796 461 2839 annos
484 2773 530 2838 nti
549 2776 617 2859 jam
640 2770 790 2855 diximus,
814 2773 1002 2838 asentcntia
1018 2795 1076 2837 sua
1093 2769 1230 2856 digitum
1252 2792 1327 2834 nus-

189 2883 471 2968 quam‘disuessit:
494 2893 633 2948 attamen
656 2905 861 2967 progressum
885 2881 1044 2966 quendam
1065 2883 1177 2947 fecisse
1193 2879 1328 2962 videtur,

189 3019 287 3080 quum
310 3017 413 3060 novae
436 2993 577 3080 opinioni
600 3012 677 3074 suae
699 2992 771 3056 looo
794 2994 846 3056 cit.
870 3015 934 3055 non
949 2992 1054 3056 solum
1069 2991 1249 3079 Beryllum,
1271 2969 1339 3079 sed„

189 3107 283 3173 etiam
306 3101 561 3172 Alexandrinum
584 3101 779 3190 Dionysium
806 3127 826 3167 a
853 3103 980 3166 Zenone
1005 3103 1220 3188 vituperatum
1248 3129 1329 3188 esse,

189 3219 445 3306 probabilitatem
458 3217 631 3283 'oonoiliare
647 3224 788 3281 conatur.
818 3214 992 3298 „Quinirno
1015 3215 1042 3279 si
1065 3218 1257 3302 conjecturis
1280 3227 1330 3282 est

188 3332 293 3415 locus,
325 3329 579 3396 Alexandrinum
602 3326 798 3414 Dionysium
830 3349 982 3394 coaevum
1009 3329 1188 3414 respexisse
1211 3329 1244 3396 S.
1268 3329 1328 3392 Ze-

188 3465 304 3511 nonem
334 3447 444 3531 puto.“
467 3442 635 3507 'Bonaohi
666 3441 699 3507 in
729 3441 797 3508 suis
831 3439 1022 3526 conjecturis
1053 3442 1123 3527 ‘ejus
1156 3441 1202 3506 rei
1232 3461 1328 3504 oausa

188 3567 354 3643 tantopere
387 3564 485 3639 errat,
517 3554 593 3640 quia
624 3577 750 3641 semper
775 3563 899 3618 tantum
927 3575 1022 3616 unam
1045 3561 1168 3638 partem
1190 3550 1327 3638 attingit,

190 3669 321 3735 alteram
343 3693 421 3736 vero
444 3667 573 3732 minime
595 3665 735 3752 respioit.
786 3663 885 3747 Quod
906 3664 1057 3753 Beryllus
1080 3664 1235 3730 hocloco
1257 3687 1329 3750 per-

258 3877 284 3944 *)
304 3876 398 3946 Comp.
417 3875 444 3930 S.
463 3873 623 3930 Vincentius
644 3871 792 3928 Lirinensis
814 3871 843 3926 in
866 3869 1077 3926 Commonitorio
1101 3885 1161 3937 cap.
1178 3869 1265 3925 XVlI.
1285 3868 1329 3938 (el.

189 3971 274 4040 XIl.):
313 3969 436 4038 ,Photini
455 3986 521 4040 ergo
540 3972 615 4023 secta
632 3967 699 4023 bueo
717 3972 769 4022 est:
789 3965 864 4022 Dicit
882 3966 970 4020 Deum
988 3962 1123 4034 singulum
1142 3980 1203 4019 esso
1221 3969 1249 4018 et
1266 3963 1327 4019 soli·

188 4064 285 4118 tarium
304 4069 332 4120 et
349 4079 424 4120 more
441 4064 558 4120 iudaice
577 4058 768 4120 confitendum.
804 4060 943 4115 Trinitatis
961 4057 1155 4130 plenitudinem
1173 4062 1263 4128 negat,
1281 4073 1328 4112 ne·

188 4173 242 4227 que
269 4155 351 4213 ullam
368 4159 421 4215 Dei
438 4157 523 4214 Verbi
550 4163 597 4212 aut
622 4157 703 4212 ullam
728 4155 844 4226 Spiritus
867 4151 959 4209 Sancti
984 4156 1063 4221 putat
1090 4169 1151 4208 esse
1179 4169 1329 4222 personam.

190 4251 327 4308 christun
344 4269 411 4309 vcro
428 4251 565 4310 hominem
582 4251 769 4308 tantummodo
790 4247 939 4305 solitarium
964 4247 1079 4316 adserit,
1103 4247 1146 4302 cni
1169 4247 1331 4318 principium

188 4345 319 4404 adscribit
337 4361 371 4404 ax
388 4349 487 4406 lluia“
507 4354 557 4404 eto.
