3012 4936
772 225 812 290 911

224 409 375 473 magnum
397 387 520 452 huncce
543 386 705 454 doctorem
728 386 871 472 potuisse
885 385 1007 451 Zenoni
1022 383 1092 484 dari
1113 386 1262 472 martyris
1283 386 1354 452 titu-

224 499 291 565 lum
313 500 365 565 ·ob
399 499 559 584 quandam
590 500 857 587 persecutionem,
891 521 988 583 quam
1011 498 1071 562 sub
1094 495 1285 564 Constantio
1306 511 1358 564 aut

223 611 355 678 Juliauo
377 614 537 697 Apostata
559 633 673 698 passus
700 611 751 676 sit.
802 610 906 674 Affert
932 608 1048 674 deinde
1070 609 1195 674 Molani
1223 612 1355 676 auctori-

223 735 336 806 tatem,
364 725 420 808 qui
442 724 603 790 Zenonem
630 725 670 800 iu¹
684 723 919 810 Martyrologio
937 721 1172 788 =Confessorem
1200 735 1354 808 posuerat,

224 845 256 900 et
276 835 424 901 Panvinii
446 834 486 902 de
509 838 598 922 praxi
622 836 775 901 ecclesiae
797 835 993 900 Veronensis
1015 835 1245 902 testimonium.
1285 835 1352 902 Ser-

223 971 332 1014 mones
355 957 461 1014 autem
483 947 546 1013 aub
568 949 695 1013 nomine
711 949 850 1013 Zenonis
872 946 976 1012 editos
998 969 1103 1030 neque
1124 946 1211 1012 illius
1222 948 1353 1012 Zenonis

222 1081 293 1125 esse
323 1058 534 1144 demonstrat,
568 1060 624 1145 qui
652 1059 958 1145 tempore·Gallieni
980 1060 1063 1147 Imp.
1085 1059 1204 1124 vixisse
1225 1058 1350 1141 dicatur,

222 1195 295 1236 nam
318 1173 518 1258 apertissime
540 1173 580 1240 de
603 1173 726 1240 haeresi
748 1173 923 1238 Arianain
946 1171 985 1237 iis
1007 1171 1150 1253 tractari,
1172 1193 1271 1254 neque
1290 1170 1346 1233 Ze-

222 1285 314 1350 nonis
336 1307 377 1350 cx
398 1295 541 1373 tempore
564 1284 747 1354 Constantii
763 1296 824 1360 ‚aut
836 1286 860 1351 J
862 1285 974 1368 uliani,
997 1285 1073 1370 qnia
1094 1283 1175 1348 inter
1196 1305 1250 1347 eos
1270 1282 1345 1366 hag·

223 1389 329 1462 menta
360 1397 494 1464 aliorum
530 1399 722 1484 scriptorum
754 1399 982 1472 contineantur.
1029 1396 1141 1479 ,Aliae
1169 1394 1351 1478 (orationes)

221 1519 298 1574 sunt
320 1509 541 1595 brevissimae,
569 1511 649 1576 aliae
672 1532 746 1576 vero
768 1511 897 1598 longae,
925 1509 1082 1596 quaedam
1105 1507 1189 1595 stylo
1212 1507 1306 1592 pleno
1326 1514 1355 1568 et

221 1631 386 1705 accurato,
408 1623 579 1688 nonnullae
601 1622 742 1689 demisso
764 1634 797 1688 et
817 1624 980 1708 incompto
1004 1621 1141 1708 scriptae
1163 1629 1251 1698 sunt3
1281 1619 1356 1682 aliae

222 1742 297 1797 suut
319 1733 432 1817 clarae,
455 1734 536 1799 aliae
558 1735 726 1815 obscurae3
749 1735 887 1820 denique
902 1734 980 1800 nihil
995 1733 1206 1816 inaequalius.
1228 1731 1269 1794 In
1286 1754 1358 1796 ocu-

221 1843 312 1909 cione
339 1843 379 1908 de
407 1845 602 1910 continentia
626 1847 749 1932 plures,
783 1869 879 1930 quarn
911 1849 976 1912 400
997 1867 1097 1910 annos
1129 1853 1292 1926 numerat,
1323 1865 1359 1907 ex

220 1979 284 2040 quo
306 1955 427 2022 Paulus
451 1937 619 2042 epistolam
642 1981 732 2025 suam
755 1958 797 2024 ad
819 1959 982 2025 Romanos
1006 1959 1178 2044 scripserat
1200 1965 1360 2021 ettamen

219 2069 252 2133 in
274 2068 345 2135 aliis
367 2068 508 2134 homiliis
532 2067 572 2134 de
594 2081 770 2159 martyrum
779 2073 920 2159 'templis
945 2071 984 2159 (l)
1007 2081 1039 2136 et
1054 2068 1307 2138 Catachumenis
1323 2068 1361 2153 (i)

219 2182 411 2247 mentionem
433 2183 523 2248 fecit:
547 2183 619 2264 „Ex
641 2183 692 2248 his
715 2185 863 2252 omnibus
886 2195 972 2272 patet
991 2185 1049 2248 has
1069 2185 1239 2248 conciones
1254 2182 1360 2248 Zeno·
1458 2203 1460 2209 ‘

218 2294 268 2360 nis
291 2294 502 2377 Veronensis,
536 2297 612 2360 toti·
627 2296 809 2380 antiquitati
830 2297 957 2384 ignotas
981 2295 1174 2382 indigestam
1197 2317 1268 2361 esse
1293 2294 1362 2360 col·

217 2405 387 2472 lectionem
410 2409 597 2474 concionum
622 2409 829 2497 expluribus
852 2409 1036 2476 auctoribus
1057 2409 1218 2474 variorum
1233 2417 1365 2492 tempo-

217 2541 289 2584 rum
315 2529 348 2585 et
373 2501 544 2610 regionum
567 2521 807 2610 desumptarum
835 2525 875 2590 ab
902 2522 1010 2607 aliquo
1036 2522 1184 2608 imperito
1211 2518 1363 2584 liberario

218 2633 366 2698 factam.“
699 2623 703 2629 ⁷

320 2747 499 2814 Ladcvicns
520 2748 589 2814 Set.
612 2751 641 2814 la
662 2751 754 2816 Naia
779 2750 810 2812 T
806 2752 953 2816 illectant.
985 2750 1064 2834 (nat.
1097 2745 1229 2812 Parisiis
1264 2748 1361 2828 1637,

216 2857 239 2940 †
253 2857 335 2922 1698
351 2857 385 2921 in
400 2860 481 2924 suis:
503 2859 679 2925 Me'moir‘es
695 2885 776 2945 pour
799 2862 899 2925 servir
913 2867 932 2922 a
946 2858 1100 2922 l’histoire
1116 2857 1362 2939 ecclesiastique

217 2965 257 3033 de
290 2967 341 3032 six
371 2969 525 3055 premiers
557 2970 670 3034 siecles
685 2979 746 3034 etc.
774 2970 875 3035 Paris.
902 2969 951 3034 ed.
975 2969 1019 3031 II.
1054 2970 1146 3032 1701.
1165 2967 1272 3031 ιΤοιη.
1295 2967 1359 3032 IV.

216 3089 274 3145 art.
296 3079 374 3145 VH.
397 3105 471 3168 pag.
497 3083 537 3147 14
568 3081 790 3167 (Persecution
821 3069 863 3144 de
895 3077 1017 3164 l'e'glise
1051 3101 1127 3143 sous
1157 3078 1362 3165 l’Empereur

216 3191 406 3278 Valeriam),
430 3193 629 3260 sermonibus
652 3179 712 3257 suh
735 3192 873 3258 Zenonis
896 3191 1024 3258 nomine
1047 3191 1142 3258 editis
1164 3192 1358 3278 elegantiam

217 3313 249 3370 et
270 3305 419 3390 pietatem
444 3304 598 3393 derogare
620 3326 685 3369 non
706 3314 826 3392 potest:
853 3304 1024 3371 nonnullos
1050 3314 1157 3370 tamen
1184 3329 1292 3372 eorum
1315 3329 1358 3370 ex

216 3417 340 3484 Basilio
363 3427 395 3484 et
416 3417 543 3484 Hilario
566 3416 745 3504 descriptos
767 3439 838 3483 esse
865 3417 1022 3502 ostendit,
1048 3418 1182 3483 aliorum
1210 3427 1357 3483 auctores

141 3573 146 3588 .
216 3529 344 3617 ignotos
367 3555 448 3617 esse,
471 3555 574 3617 neque
596 3531 695 3596 ullum
717 3531 935 3598 testimouium
958 3527 1039 3615 esse,
1062 3555 1126 3616 quo
1145 3529 1357 3596 demonstrari

216 3641 456 3728 possit‚'uuum
479 3641 609 3728 quidem
632 3664 742 3706 eorum
764 3641 925 3709 Zenonem
941 3653 1103 3710 auctorem
1118 3643 1247 3722 habere3
1272 3665 1356 3706 mar-

216 3763 319 3841 tyrem
335 3755 496 3822 Zenonem
519 3755 627 3822 vocari
649 3777 713 3819 non
735 3777 841 3841 posse,
865 3757 1019 3843 epocham
1042 3761 1111 3845 ejus
1133 3756 1208 3820 circ.
1224 3779 1273 3822 an.
1290 3757 1356 3821 370

216 3866 396 3953 ponendam
428 3889 507 3933 esse.
556 3866 649 3934 Idem
675 3877 741 3934 not.
764 3867 805 3932 V.
833 3893 906 3956 pag.
928 3871 1007 3953 586,
1042 3891 1124 3954 quae
1157 3868 1354 3934 inscribitur:
1402 3932 1405 3937 ,

216 3978 250 4046 S.
266 3980 354 4045 Zeno
376 3980 574 4046 Veronensis
596 4003 661 4046 nou
683 3991 733 4046 cst
754 3981 882 4068 Martyr
903 3992 936 4048 et
949 3981 1153 4046 IV.‘saeculo
1168 3981 1258 4064 vixit,
1280 3979 1352 4066 plu-

215 4088 304 4156 ribus
327 4089 533 4167 demonstrat.

278 4235 281 4242 =
316 4205 356 4284 Iu
386 4204 520 4270 editione
551 4207 688 4292 Operum
713 4205 751 4269 S.
776 4207 902 4269 Hilarii
919 4203 1042 4286 ¹studio
1074 4214 1106 4270 et
1138 4204 1246 4268 labore
1277 4203 1348 4266 Mo-

215 4312 390 4384 nachorum
414 4314 455 4385 Ο.
471 4315 505 4390 S.
520 4317 560 4386 Β.
584 4341 601 4386 e
624 4339 732 4402 congr.
749 4314 782 4381 S.
799 4315 906 4380 Mauri
922 4303 1068 4383 Venetiis
1093 4317 1175 4381 1749
1198 4315 1240 4404 (Ι.
1255 4312 1352 4380 editio

1485 2545 1486 2616 r

1485 2867 1486 2944 r

1483 2975 1486 3090 1
