3012 4936
207 394 487 479 Antiquorumque
521 393 721 481 Scriptorum
760 393 1049 460 ecclesiasticorum
1081 391 1228 459 Venetiis
1264 395 1348 462 1769

208 505 258 572 ed.
280 505 503 592 Albritiicap.
525 506 606 572 XII.
629 527 702 595 pag.
720 507 760 572 12
782 506 880 570 vitam
903 489 1041 572 Zenonis
1062 516 1179 588 narrat,
1201 508 1349 595 vestigiis

208 616 454 684 Balleriniorum
476 619 636 684 insistens.
794 707 797 712 ι

312 731 526 796 ctiambatieta
548 733 734 797 Binucolini
759 730 793 794 in
815 753 867 816 op.
890 729 955 796 Dei
976 729 1118 796 vescovi
1139 753 1157 796 e
1181 729 1348 796 Governa·

207 843 269 908 tori
297 841 331 908 di
355 841 483 908 Verona
509 842 725 908 dissertationi
754 841 816 907 due
843 843 877 908 in
899 841 1030 907 Verona
1053 843 1135 908 1757
1163 843 1198 908 in
1218 841 1349 910 Disser-

207 955 328 1020 tatione
349 955 378 1018 Ι.
400 977 473 1041 pag.
498 956 538 1020 19
560 956 754 1041 paucissima
776 953 873 1020 habet
895 952 935 1018 de
956 953 1099 1020 Zenone:
1123 964 1258 1021 mortem
1281 960 1348 1042 ejus

208 1066 298 1150 ponit
320 1067 382 1131 sub¹
403 1069 520 1130 annum
543 1067 622 1149 360,
657 1077 704 1148 at,
738 1075 774 1131 ut
794 1066 888 1131 nobis
910 1064 1050 1147 videtur,
1082 1066 1235 1150 rationes,
1267 1089 1348 1151 quas

210 1177 303 1264 affert
324 1176 540 1244 debilissimae
563 1188 645 1244 sunt.
683 1177 782 1262 Quod
805 1177 847 1244 ad
868 1177 1055 1264 martyrium
1077 1178 1199 1260 attinet,
1219 1187 1344 1242 seuten-

208 1290 287 1356 tiam
310 1307 402 1355 suam
423 1313 488 1356 non
510 1290 627 1374 aperit,
649 1299 740 1355 notat
760 1299 884 1355 tantum
905 1289 1068 1355 Zenonem
1091 1287 1282 1375 aGregorio
1295 1289 1343 1353 M.

209 1403 295 1467 etin
317 1410 522 1468 monumento
550 1400 690 1487 quodam
714 1425 754 1466 ex
775 1400 932 1470 Friderici
953 1401 1016 1466 ΙΙΙ.
1038 1401 1236 1486 temporibus
1258 1401 1346 1496 Mar·
1464 1390 1472 1398 ’

208 1523 312 1602 tyrem
335 1513 453 1579 vocari.

314 1625 420 1693 Alban
434 1629 564 1696 :Butler
596 1627 634 1711 (†
660 1623 801 1690 Londini
832 1627 931 1711 1782)
965 1625 998 1689 in
1030 1625 1116 1690 Vitis
1147 1623 1349 1706 Sanctorum,

209 1741 300 1824 cujus
327 1738 432 1823 operis
454 1737 713 1824 francogallicam
735 1736 875 1803 vidimus
897 1736 1137 1802 translationem
1159 1737 1219 1802 sub
1241 1736 1349 1802 titulo:

208 1849 289 1915 Vies
312 1849 498 1936 desperes,
522 1848 579 1915 des
603 1859 739 1936 martyre
763 1861 795 1914 et
817 1848 874 1914 des
897 1857 1004 1916 autres
1026 1849 1216 1940 principaux
1240 1847 1348 1917 Saints

210 1959 302 2030 Paris
327 1963 419 2050 1764.
448 1959 539 2026 Tom.
562 1961 625 2026 III.
652 1985 726 2048 pag.
749 1963 813 2028 432
841 1962 901 2027 sub
927 1961 979 2028 die
1004 1964 1053 2028 12.
1076 1960 1199 2047 Aprilis
1226 1960 1348 2047 MaffeJi

209 2082 241 2140 et
266 2072 513 2140 Balleriniorum
536 2072 719 2160 ingrediens
742 2074 887 2160 vestigiis
910 2075 987 2140 satis
1011 2074 1134 2159 prolixe
1156 2081 1264 2138 narrat
1289 2073 1349 2139 Ze·

208 2185 301 2251 nonis
325 2185 433 2269 vitam,
456 2185 590 2262 afferens
621 2209 781 2272 perpauca
803 2210 843 2252 ex
865 2186 1056 2251 Zenonianis
1081 2185 1207 2270 scriptis
1227 2185 1281 2271 ⁷⁸).
1308 2225 1348 2234 -

210 2299 402 2364 Francircar
422 2301 589 2364 Maccn‘ua
616 2323 635 2362 a
657 2297 690 2364 S.
713 2297 787 2362 Elia
814 2295 1049 2364 Carmelitanus
1077 2299 1110 2361 in
1136 2297 1349 2362 Institutioni·

208 2407 269 2474 bus
301 2408 504 2496 Patrologiae
542 2409 671 2476 Graecii
710 2410 803 2474 1789.
841 2431 914 2496 pag.
938 2411 1002 2475 415
1030 2417 1062 2474 et
1083 2411 1163 2492 466,
1196 2449 1236 2458 -
1277 2407 1348 2474 Gur.

212 2522 363 2609 Trcuyott
385 2523 509 2588 Gottlob
532 2522 763 2589 Schoenemccn
784 2520 870 2588 Bibl.
886 2521 989 2588 Acarl.
1006 2520 1153 2608 thting.
1177 2520 1350 2588 aSecretis

209 2633 242 2697 in
265 2633 469 2700 Bibliotheca
494 2633 841 2700 llistorico-litteraria
862 2635 995 2698 Petrum
1017 2621 1207 2701 Sanctorum
1230 2656 1250 2696 a
1271 2631 1349 2697 Ter·

207 2744 341 2812 tulliano
363 2745 513 2830 Principe
535 2768 638 2831 usque
660 2745 702 2810 ad
718 2745 912 2832 Gregorium
928 2747 977 2814 M.
1000 2755 1032 2810 et
1053 2745 1215 2811 Isidorum
1230 2744 1350 2828 Hispa-

208 2855 330 2922 lensem
352 2856 483 2940 Lipsiae
501 2859 594 2923 1792.
617 2856 708 2922 Tom.
724 2857 751 2921 Ι.
774 2881 847 2943 pag.
864 2860 927 2923 319
950 2879 1015 2942 sq.,
1039 2897 1080 2906 -—
1104 2860 1263 2926 Jclronccr
1279 2857 1350 2923 cto.

209 2968 275 3034 Fet.
295 2969 389 3032 -Butn
420 2967 454 3031 in
476 2990 527 3052 op.
561 2967 757 3034 Geschichte
789 2967 846 3034 der
867 2967 1062 3032 Riimisohen
1096 2968 1285 3051 Litteratur,
1317 2967 1352 3031 in

209 3077 313 3146 Tomo
335 3078 492 3164 supplem.
515 3087 605 3162 parte
627 3078 685 3144 Ha
708 3077 773 3143 Die
796 3078 1143 3144 christlich-riimische
1167 3079 1351 3165 Theologie.

209 3187 383 3258 Carlsruhe
408 3191 501 3256 1837.
525 3213 594 3274 cap.
610 3189 637 3254 I.
662 3193 689 3276 ᾗ.
706 3192 757 3256 64.
781 3213 854 3276 pag.
872 3192 948 3273 132,
973 3229 1013 3238 -
1037 3192 1192 3280 Joscptuo
1213 3194 1351 3260 Feraler:
1378 3232 1382 3237 ι

208 3301 429 3369 Instituticncs
454 3302 658 3388 Patrologiae
672 3310 732 3368 etc.
757 3301 941 3388 Oenipunte
958 3304 1052 3370 1850.
1076 3302 1167 3370 Tem.
1183 3303 1210 3368 I.
1234 3306 1262 3390 ξ.
1278 3306 1350 3370 197.

208 3436 281 3500 pag.
307 3415 487 3480 739-742
509 3423 541 3479 ct
562 3413 687 3480 Auctor
714 3413 853 3480 articuli:
890 3415 977 3481 Zeno
1004 3416 1201 3483 Veronensis
1233 3421 1269 3482 in
1291 3418 1350 3482 Lc-

209 3528 281 3591 on'co
307 3527 530 3594 Ecclesiastico
563 3551 582 3590 a
614 3527 713 3592 Henr.
737 3510 883 3594 ¹Wetacro
918 3539 950 3593 et
979 3531 1096 3596 Boucd.
1135 3529 1228 3594 Wctte
1264 3527 1350 3594 edito

115 3649 116 3652 ’
211 3635 366 3723 Friburgi
388 3637 578 3726 Brisgoviae
601 3636 652 3702 ed.
676 3639 770 3704 1854.
793 3639 884 3704 Tom.
907 3639 970 3706 XI.
993 3649 1141 3728 repetunt
1161 3639 1350 3706 Ballerinio·

207 3771 280 3814 rum
301 3750 530 3834 narrationem,
553 3773 593 3816 ne
614 3751 712 3816 verbo
737 3751 868 3836 quidem
891 3751 1012 3818 addito.
1050 3753 1242 3820 Frcncircue
1259 3752 1350 3820 Wro-

230 4023 242 4100 ‚V
281 4040 313 4111 ⁷⁸)
331 4041 398 4111 Peg.
417 4041 468 4098 433
495 4047 611 4100 erratum
642 4045 805 4118 continetur,
837 4047 912 4116 quod
938 4045 1054 4100 fortasse
1080 4062 1129 4116 per
1155 4044 1350 4116 negligentiam

209 4133 376 4207 typographi
399 4137 519 4208 irrepsit3
545 4137 612 4195 dicit
633 4141 704 4196 enim
722 4141 827 4197 Butler:
866 4141 908 4210 „S
927 4141 1019 4197 Zenon
1042 4126 1170 4210 s’oppc'sa
1192 4140 1265 4196 aussi
1282 4155 1351 4194 avec

208 4230 350 4300 beaucoup
368 4229 403 4286 de
420 4231 495 4290 force
505 4250 566 4322 'aux
584 4251 693 4292 erreurs
702 4237 751 4293 des
763 4235 931 4306 Pelagiens,“
952 4235 999 4292 ubi
1011 4253 1061 4308 pro
1073 4235 1232 4308 Pelagiens:
1250 4233 1351 4290 Artena

208 4324 354 4398 legendum
372 4333 421 4385 est.
485 4367 487 4374 .
