3012 4936
686 233 724 296 11

135 419 213 464 6666.
237 436 278 444 -
323 391 498 476 inopere,
532 391 619 475 quod
650 415 725 456 16611
752 389 968 456 subsecutum
981 399 1030 454 est
1050 389 1133 454 11666
1155 391 1273 477 episto-

133 510 213 574 lam:
259 507 397 588 „istoria
424 503 629 589 diplomatica
656 504 713 568 che
741 515 831 568 serve
859 499 1112 566 d⁷intr0duzione
1135 501 1185 565 all'
1209 511 1275 566 arte

135 620 266 686 critice“
284 617 393 683 61616
407 617 565 681 Mentora
580 617 662 681 1727
679 615 728 681 ed.
746 613 961 696 Tumermani,
983 636 1057 701 pag.
1076 614 1136 679 177
1159 614 1274 678 iterum

135 728 321 817 rhythmum
336 729 424 794 illum
439 728 603 815 Anonymi
615 729 768 814 Pipinimi
787 726 946 814 explanat,
963 749 1036 813 pag.
1049 727 1275 792 2986661166

137 852 170 907 61
192 841 349 906 subtiliter
370 842 511 924 disserit,
535 841 679 906 Firmum
702 850 734 904 et
755 840 924 908 Rusticum
947 863 996 904 an.
1012 840 1076 905 304
1099 847 1274 926 martyrum

18 997 21 1005 ι
137 954 348 1039 promeruisse
374 954 514 1038 palmam
537 977 611 1039 pag.
634 955 699 1019 315
721 975 769 1037 sq.
793 953 891 1018 uitam
913 951 1052 1018 Zenonis
1075 939 1210 1016 enarrat.
1232 989 1274 998 -

136 1067 176 1130 In
209 1043 304 1152 opere
338 1064 489 1150 denique:
524 1064 655 1130 Verona
684 1065 842 1130 illustrata
864 1075 923 1130 etc.
946 1066 1093 1130 Veronae
1118 1065 1201 1130 1732
1223 1061 1274 1130 ed.

136 1178 289 1264 Vallarsii
312 1188 344 1243 'et
364 1178 523 1242 Bernonis
546 1177 600 1240 fol.
624 1177 715 1241 Τ616.
738 1177 765 1240 Ι.
787 1178 861 1242 Lib.
884 1176 978 1240 VIII.
1001 1199 1074 1262 pag.
1098 1177 1274 1260 211916116-

133 1292 175 1354 tit
198 1289 387 1353 sententiam
411 1310 501 1352 suam
525 1285 565 1351 de
588 1287 738 1373 rhythmo
761 1287 939 1373 Pipiniauo,
963 1287 1003 1351 de
1025 1287 1196 1352 11611111666
1208 1287 1275 1352 Ve-

113 1469 115 1475 ,
137 1399 278 1480 1666661,
301 1422 374 1484 pag.
391 1401 452 1464 211
477 1397 685 1481 demonstrat,
708 1423 772 1464 666
794 1399 902 1464 661661
920 1399 1078 1481 Veronae,
1101 1398 1276 1464 sedetiam

138 1509 331 1593 Mediolani,
366 1534 491 1594 semper
513 1511 674 1575 Zenonem
697 1509 923 1578 Confessorem
946 1512 1066 1576 cultum
1090 1534 1174 1590 esse,
1197 1510 1276 1590 ibid.

139 1622 288 1705 1161666,
311 1623 366 1688 ubi
389 1622 603 1708 quadraginta
624 1623 698 1686 anni
721 1621 1009 1689 commemorantur
1031 1624 1106 1710 agit.
1129 1647 1202 1710 pag.
1212 1625 1276 1690 213

137 1759 176 1800 ex
199 1735 278 1819 ipsis
301 1735 492 1800 Zenouianis
514 1736 702 1800 tractatibus
726 1745 912 1822 argumenta
933 1736 1039 1800 haurit
1068 1737 1102 1800 in
1132 1737 1276 1802 testimo-

136 1849 242 1928 nium,
277 1847 436 1914 Zenonem
471 1859 585 1932 quarto
612 1849 738 1914 vixisse·
759 1849 901 1929 saecule,
935 1871 1008 1934 pag.
1032 1849 1278 1914 214.examinat

138 1960 304 2024 Ambrosii
324 1960 430 2024 locum
453 1961 564 2046 (611661
586 1969 659 2047 pag.
682 1961 888 2046 sse—386).
933 1962 970 2024 ln
992 1969 1081 2047 parte
1103 1955 1276 2047 H.'operis

140 2071 191 2136 sui
227 2071 391 2153 „centiens
423 2071 555 2136 l’istoria
580 2073 740 2137 letteraria
767 2095 785 2136 6
813 2073 861 2136 616
882 2071 914 2134 16
935 2071 1115 2144 notiziade
1138 2073 1277 2137 scrittori

139 2183 317 2248 Verouesi“
341 2207 414 2269 pag.
439 2185 481 2248 26
509 2185 679 2270 praecipue
712 2184 752 2249 de
780 2185 918 2248 Zenonis
950 2184 1150 2249 sermonibus
1180 2184 1278 2248 verba
1377 2242 1386 2248 .

136 2296 226 2373 facit3
261 2295 354 2359 Pauli
378 2295 589 2380 Veronensis,
616 2297 859 2380 Fossembroni,
889 2297 1089 2382 Bullengeri,
1117 2295 1277 2378 Salmasii,

137 2407 278 2490 Valesii,
304 2408 481 2494 Buchneri,
508 2410 632 2474 Barthii
660 2418 691 2473 61
714 2409 900 2475 Casauboui
922 2407 1044 2494 judicia
1065 2409 1225 2474 examinat
1247 2418 1287 2473 61

139 2516 182 2582 ad
206 2527 382 2584 extremum
403 2521 472 2606 ipse
495 2521 613 2585 eximia
633 2519 728 2584 laude
751 2542 849 2604 opera
871 2519 1007 2584 Zenonis
1030 2519 1177 2584 illustrat.

246 2629 354 2712 Quum
378 2654 415 2694 eo
438 2630 535 2696 modo
549 2654 600 2696 res
615 2631 782 2715 hucusque
797 2631 935 2697 obseura
947 2630 1062 2695 clarior
1075 2631 1143 2696 fieri
1161 2632 1276 2717 coepit,

138 2744 255 2808 Petrus
278 2751 310 2806 et
330 2742 540 2830 Hieronymus
561 2743 673 2807 fratres
695 2745 871 2810 Ballerinii
893 2767 1006 2809 novam
1023 2744 1277 2810 Zenonianorum
1385 2811 1389 2818 ,

137 2877 322 2921 sermonum
345 2853 653 2942 editionemparare
673 2879 807 2939 eamque
830 2855 1105 2922 dissertationibus
1128 2857 1276 2942 notisque

135 2967 302 3053 perpetuis
326 2965 480 3035 adornare
503 2967 564 3032 sibi
587 2978 831 3054 proposuerunt.
874 2969 950 3055 Ipse
973 2969 1125 3058 Maffejus
1146 2971 1179 3035 in
1195 2969 1275 3036 Gal-

134 3080 181 3143 lia
212 3079 400 3144 litterarium
434 3081 553 3146 faciens
588 3081 648 3145 iter
679 3103 738 3146 ms.
772 3079 915 3147 codicem
947 3081 1036 3146 illum
1063 3081 1276 3148 Rhemensem

136 3191 283 3256 omnium
313 3192 570 3275 antiquissimum
604 3192 775 3279 diligenter
806 3193 993 3259 transscribi
1020 3195 1119 3283 jussit
1140 3207 1276 3279 eumque

135 3301 290 3367 fratribus
313 3301 495 3368 Balleriniis
518 3304 619 3384 misit,
642 3308 698 3388 qui
710 3309 776 3392 jam
798 3314 890 3370 611166
912 3306 990 3372 61166
1013 3307 1141 3374 codices
1164 3331 1275 3372 manu·

135 3414 277 3500 scriptos
293 3414 425 3478 1616166
441 3427 709 3501 comparaverant.
732 3417 880 3482 Primum·
899 3419 1027 3503 quidem
1050 3417 1276 3485 stabiliendum

134 3549 209 3592 6666
240 3535 445 3610 putaverunt,
483 3527 614 3610 quinam
647 3529 712 3593 sint
744 3531 874 3615 genuini
906 3532 1080 3598 Zenoniani
1112 3539 1281 3615 tractatus,

137 3636 229 3723 quod
267 3639 362 3704 etiam
398 3638 432 3702 in
465 3637 699 3706 Dissertatione
720 3643 776 3706 Ι1111
808 3645 1034 3730 praestiterunt
1066 3667 1139 3730 pag.
1163 3646 1210 3710 25
1225 3667 1276 3728 sq.

135 3749 374 3836 Seperaverunt
396 3759 502 3816 autem
524 3751 557 3814 in
579 3753 691 3837 primis
714 3754 907 3823 editionibus
931 3766 1096 3822 contentos
1114 3775 1276 3826 sermones

134 3864 168 3926 in
201 3861 358 3948 genuinos
391 3874 424 3928 et
456 3864 696 3950 supposititios,
730 3877 762 3933 et
794 3870 915 3956 optima
946 3869 1097 3934 methodo
1127 3869 1277 3936 undecim

133 3973 269 4042 omnino
300 3995 370 4038 esse
399 3985 552 4042 tractatus
583 3976 855 4064 demonstrarunt,
889 3983 945 4066 qui
967 4007 986 4046 a
1000 3981 1135 4047 'Zenone
1157 3980 1278 4047 conditi

133 4111 208 4156 esse
231 4108 297 4150 non
320 4097 463 4169 possunt.
507 4089 546 4152 In
569 4089 681 4157 eadem
703 4093 774 4180 ipsa
804 4092 1026 4160 dissertatione
1058 4093 1277 4177 quaestionem

131 4202 175 4268 de
210 4197 337 4286 epocha
363 4197 501 4264 Zenonis
531 4202 744 4270 instituerunt.
786 4205 827 4268 In
849 4205 1084 4270 Dissertatione
1105 4205 1150 4273 H.
1171 4206 1277 4273 vindi-

80 4305 82 4308 ’
131 4315 201 4382 6166
225 4309 391 4377 1166111666
413 4311 613 4380 Ζ6661116666
635 4315 774 4400 amplexi
797 4325 883 4398 sunt,
907 4317 961 4382 ubi
976 4319 1162 4404 praesertim
1177 4317 1279 4385 1611116
