3012 4936
774 217 811 280 18

224 372 310 457 „Sed
331 381 368 438 nt
389 371 432 438 ad
451 371 612 438 Zenonem
634 380 829 440 revertamus
851 373 958 459 ipsum
978 384 1103 443 tantum
1124 376 1209 442 inter
1235 391 1380 446 sanctos

221 486 391 574 episcopos
414 493 558 552 recenset
579 483 716 550 ecclesia
736 483 946 552 Veronensis:
968 509 1051 570 quae
1073 496 1106 552 et
1122 489 1296 574 juniorem
1313 492 1380 557 Ze-

221 621 336 664 nonem
367 596 528 683 agnosoit,
560 619 598 660 nc
628 596 710 662 inter
736 606 859 664 ceteros
886 597 981 686 hujus
1004 599 1162 665 ecclesiae
1187 602 1380 690 episcopos

221 719 397 788 enumerat3
419 709 580 794 aliumque
604 708 800 793 temporibus
822 709 986 775 Ambrosii
1095 712 1216 798 optime
1242 715 1379 780 novit.“

221 823 312 888 Haec
334 822 428 908 plane
447 819 527 886 falsa
541 819 679 886 narratio
694 821 874 904 nonnullos,
897 822 1017 887 invenit
1032 824 1268 892 acclamatores
1287 829 1381 894 inter

221 934 373 1000 minus-in
388 931 522 998 historia
536 931 715 996 Veronensi
731 943 889 1016 versatos,
911 935 1018 1020 ipsum
1033 935 1163 1019 quidem
1179 937 1378 1024 Ughellum

220 1049 253 1112 in
274 1069 412 1111 errorem
435 1041 572 1128 induxit,
595 1044 646 1109 cui
668 1053 759 1108 veste
780 1045 894 1110 notitia
915 1057 1190 1114 monumentorum
1206 1060 1241 1114 et
1258 1051 1376 1116 histo-

219 1160 284 1224 riae
307 1156 503 1222 Veronensis
526 1155 679 1221 ecolesiae
707 1155 854 1242 derogari
884 1181 949 1222 non
980 1168 1098 1244 potcst3
1130 1161 1243 1226 scribit
1280 1166 1376 1228 enim

219 1271 310 1336 Tom.
321 1269 362 1334 V.
378 1292 430 1354 op.
446 1268 499 1333 cit.
514 1291 587 1354 pag.
604 1269 667 1333 693
689 1267 831 1354 allegans
846 1269 978 1334 Baronii
999 1280 1107 1336 notam
1129 1270 1171 1337 ad
1195 1275 1246 1338 12.
1260 1277 1376 1360 Apri·

217 1382 295 1446 lem:
319 1381 390 1464 „Ibi
412 1381 531 1466 optime
554 1378 636 1446 duos
659 1380 804 1446 Zenones
819 1379 1021 1447 Veronenses
1043 1383 1223 1468 Episcopus
1246 1386 1375 1470 fnisse,

217 1517 281 1559 non
304 1517 417 1577 unum,
440 1493 593 1576 supponit
613 1491 803 1556 Baronius.“
849 1491 916 1559 Sed
937 1493 1013 1577 quia
1034 1493 1169 1560 ecclesia
1187 1495 1372 1563 Veronen-

218 1607 262 1672 sis
293 1627 391 1670 nnum
422 1613 544 1668 tantum
577 1603 723 1689 agnoscit
747 1603 926 1687 Zenonem,
961 1603 1001 1670 de
1028 1603 1155 1671 duobus
1182 1618 1294 1674 autem
1326 1635 1371 1675 ne

136 1763 138 1770 ,
217 1739 315 1781 unum
339 1713 468 1800 quidem
492 1724 731 1780 monumentum
746 1714 898 1800 loquitur,
922 1739 1016 1800 quam
1033 1717 1162 1802 plurimi
1175 1720 1235 1784 viri
1253 1745 1367 1806 oppo-

215 1837 347 1896 suerunt
368 1849 438 1894 sese
459 1825 592 1892 Beronii
614 1835 648 1890 et·
667 1826 801 1912 Ughelli
828 1828 1054 1911 suppositioni:
1090 1831 1230 1897 Jcannes
1252 1836 1367 1900 Fran-

215 1944 315 2006 cis'cuc
337 1941 468 2019 Pinnas,
498 1937 571 2003 Lib.
588 1938 630 2003 V.
653 1937 693 2004 de
715 1938 893 2004 Nobilitate
915 1940 1109 2025 Veronensi,
1143 1945 1365 2033 Ii‘ieronymus

214 2053 300 2118 della
323 2051 433 2132 Corte,
456 2049 529 2116 Lib.
544 2049 589 2115 Π.
612 2050 776 2116 Historiae
799 2050 1017 2136 Veronensis,
1039 2043 1210 2120 Fert-'artus
1231 2057 1265 2120 in
1289 2056 1360 2126 Ca-

212 2162 323 2249 tulogo
345 2162 535 2231 Sanctorum
556 2163 670 2228 Italiae
688 2172 720 2228 et
734 2163 767 2228 in
782 2161 1011 2250 Typograpbin
1025 2165 1065 2229 ad
1081 2163 1355 2254 Martyrologium

213 2276 409 2358 Romanum,
432 2277 551 2340 Peretti
572 2284 604 2339 et
624 2277 769 2362 Bepara,
792 2273 975 2341 Cardinulie
1004 2277 1147 2342 Valerios
1169 2279 1353 2364 Episcopus

213 2387 420 2467 Veronensis,
442 2387 632 2466 Ballerioii,
657 2388 845 2454 Bioncole‘ni
867 2387 988 2471 etalii,
1023 2410 1120 2472 quare
1146 2392 1213 2476 jam
1240 2414 1259 2465 a
1284 2390 1355 2456 suis

212 2497 485 2582 contemporaneis
521 2497 563 2564 ad
599 2498 807 2582 pallinodiam
841 2499 1067 2566 recantaudam
1103 2525 1175 2568 sese
1205 2512 1355 2568 coactum

211 2610 293 2677 vidit
314 2611 474 2678 Beronius
501 2612 589 2677 etin
613 2612 882 2698 subsequentibus
907 2612 1099 2680 editionibus
1123 2614 1354 2703 Martyrolcgii

211 2723 347 2786 Romani
371 2728 585 2809 conjecturam
611 2747 701 2790 suam
725 2728 828 2792 omitti
848 2728 955 2812 jussit.
1235 2707 1238 2715 Ι

312 2833 448 2917 Major-is
473 2836 626 2898 momenti
650 2837 710 2899 fuit
735 2837 946 2900 litteratorum
973 2837 1152 2916 altercatio,
1186 2857 1350 2900 sermones

210 2943 270 3009 snb
300 2944 428 3008 nomine
457 2943 595 3008 Zenonis
626 2943 749 3028 editos,
788 2945 862 3008 huic
891 2946 960 3009 viro
990 2945 1119 3008 attribui
1149 2965 1212 3006 non
1242 2965 1346 3026 posse.

210 3053 300 3137 Quot
315 3062 347 3119 et
362 3077 457 3137 quam
477 3078 590 3141 graves
612 3053 737 3142 jndices
763 3055 865 3120 critici
890 3054 972 3118 hano
996 3053 1184 3118 sententiam
1209 3051 1347 3136 amplexi

209 3168 287 3250 sint,
307 3188 382 3230 mox
401 3166 590 3232 videbimus.
624 3166 715 3230 Duae
736 3166 922 3250 praesertim
938 3166 1064 3228 fuerunt
1079 3141 1346 3248 circumstantiae,

209 3301 290 3364 qnae
306 3278 476 3364 scriptores
492 3278 535 3344 ad
551 3279 615 3344 tale
631 3276 789 3364 judicium
808 3275 1027 3360 impellebant:
1052 3277 1214 3344 silentium
1234 3299 1346 3360 nempe

208 3400 350 3456 veterum
375 3390 565 3475 scriptomm
585 3388 625 3456 de
644 3388 695 3454 his
719 3387 925 3471 tractatibus,
950 3399 982 3453 et
1006 3389 1119 3456 incerti
1141 3392 1224 3456 inter
1243 3391 1345 3454 Zeno·

207 3503 320 3570 uianos
353 3511 506 3569 tractatus
541 3523 719 3584 sermones,
761 3522 895 3584 quorum
938 3503 1167 3590 confectionem
1208 3500 1345 3566 editores

207 3616 349 3680 omnium
378 3616 495 3682 virium
525 3613 726 3678 contentione
756 3613 878 3677 Zenoni
908 3615 1047 3680 tribuere
1076 3613 1239 3696 volebant,
1279 3614 1344 3699 qui,

206 3735 242 3790 ut
266 3749 304 3789 ex
325 3726 476 3811 gravibus
496 3724 695 3790 documentis
716 3733 855 3808 constat,
883 3726 962 3791 alios
988 3735 1093 3810 patres
1119 3733 1264 3790 auctores
1288 3726 1344 3790 ha-

208 3837 291 3901 bent
322 3873 363 3884 -
418 3837 562 3902 Maxime
597 3837 769 3921 scriptores
796 3838 946 3922 urgebat,
981 3837 1101 3921 neque*
1118 3837 1157 3902 ab
1192 3835 1344 3920 Eusebio,

205 3969 309 4030 neque
341 3947 382 4012 ab
408 3947 623 4036 Hieronymo,
654 3971 757 4033 neque
782 3972 802 4013 a
828 3945 997 4016 Gennadio
1028 3948 1126 4012 ullam
1153 3947 1193 4016 de
1217 3949 1345 4013 Zenone

205 4060 321 4124 factam
351 4082 421 4125 esse
443 4060 646 4128 mentionem.
692 4060 758 4128 Sed
787 4061 848 4125 hoo
879 4060 1041 4124 silentium
1071 4059 1164 4125 facile
1193 4059 1345 4144 explicari

145 4191 147 4196 ’
205 4179 321 4254 potest.
366 4172 465 4254 Quod
484 4174 525 4238 ab
545 4175 687 4240 Eusebio
712 4195 776 4238 non
801 4181 1066 4238 commemoratur
1086 4172 1174 4236 Zeno
1200 4171 1293 4256 plane
1312 4169 1345 4232 in

204 4281 311 4348 medio
336 4286 442 4368 posite
466 4295 515 4352 est
540 4310 610 4368 res,
644 4286 720 4369 quia
744 4284 904 4349 Eusebius
930 4293 1002 4348 ante
1025 4284 1186 4349 Zenonem
1209 4283 1343 4359 vixerat3
