3012 4936
760 225 800 292 5⁰

208 380 287 450 dicit
308 383 507 468 BonachiuS,
532 385 730 472 temporibus
757 385 895 450 Zenonis
922 384 1023 450 nostri
1049 383 1169 470 ubique
1197 385 1373 472 viguisse.

207 498 306 563 Plura
320 497 403 562 enirn
417 497 601 562 testimonia
614 497 720 564 all'erri
733 506 879 584 possunt,
900 519 941 562 ex
958 497 1076 583 quibus
1091 497 1205 581 elucet,
1220 498 1372 564 omnino

209 633 326 676 amium
349 610 433 674 vitae
456 610 643 676 vicesimum
667 610 813 695 quintum
831 608 1001 675 suffecisse
1017 609 1051 673 in
1066 609 1232 695 permultis
1248 610 1372 676 eccle-

208 723 274 788 siis.
323 723 374 790 Ita
395 720 539 788 decernit
560 719 687 790 Concil.
709 721 864 810 Uarthag.
886 745 936 787 an.
959 723 1038 800 39&
1065 731 1097 787 et
1120 719 1245 790 Concil.
1269 721 1370 790 Car-

208 834 295 920 thag.
318 857 368 900 an.
386 834 456 900 ,418
479 834 519 904 ab
541 834 602 900 hac
625 835 851 904 constitutione
874 833 1078 920 exceptiones
1106 835 1210 899 lacere
1237 855 1371 900 conce·

210 946 267 1011 dit.
313 944 498 1012 Concilium
520 947 744 1012 Milevitanum
768 956 873 1011 autem
897 969 966 1011 cau.
981 948 1033 1012 26.
1057 945 1149 1010 Tom.
1160 946 1202 1012 V.
1226 944 1370 1014 Concil.

210 1057 271 1124 col.
298 1059 383 1124 1222
414 1057 543 1125 omnino
575 1059 718 1146 episcopi
749 1058 880 1124 arbitrio
913 1056 1166 1144 designationem
1198 1060 1370 1145 temporis

210 1170 461 1235 consecrationis
476 1171 661 1238 committit:
686 1169 843 1253 ,Placuit,
866 1179 902 1234 ut
916 1169 1110 1255 quicumque
1126 1171 1369 1257 episcoporum

209 1281 399 1346 necessitate
421 1281 630 1369 periclitantis
653 1283 827 1370 pudicitiae
849 1283 1014 1369 virginalis
1042 1284 1131 1368 (cum
1158 1283 1209 1347 vel
1235 1284 1370 1368 petitor

210 1395 317 1481 potius
339 1393 390 1460 vel
412 1404 521 1480 raptor
542 1395 660 1480 aliquis
682 1395 885 1477 formidatur,
909 1395 960 1461 vel
982 1395 1010 1460 si
1032 1395 1140 1480 aliquo
1155 1396 1250 1461 etiam
1267 1421 1368 1462 mor-

209 1507 252 1570 tis
275 1506 426 1590 scrupulo
449 1507 629 1593 periculoso
653 1517 846 1604 compuncta
867 1507 980 1590 fuerit,
1009 1530 1048 1572 ne
1070 1514 1136 1573 u'on
1157 1508 1260 1574 velata
1284 1533 1366 1575 mo-

210 1619 319 1704 riatur,
343 1628 398 1682 aut
421 1617 623 1703 exigentibus
646 1621 842 1706 parentibus,
866 1619 997 1702 aut‘his,
1020 1618 1061 1684 ad
1085 1641 1220 1704 quorum
1243 1643 1367 1688 curam

211 1729 363 1815 pertinet)
391 1709 545 1794 velauerit
570 1732 726 1817 virginem
750 1755 806 1796 seu
829 1731 947 1814 velavit
968 1732 1052 1796 intra
1074 1732 1188 1818 viginti
1211 1733 1366 1820 quinque

211 1864 311 1910 annos
333 1841 457 1925 aetatis,
480 1865 544 1906 non
566 1843 595 1908 ei
617 1843 724 1909 obstet
746 1843 928 1927 concilium,
950 1843 1038 1929 quod
1061 1843 1101 1909 de
1121 1845 1184 1910 isto
1199 1867 1364 1912 arrnorum

211 1977 343 2038 npmero
377 1953 586 2018 constitutum
619 1961 698 2022 est.“
743 1956 936 2022 Ambrosius
965 1978 1093 2042 quoque
1121 1979 1190 2044 cap.
1205 1957 1284 2023 VII.
1316 1959 1363 2026 de

211 2049 293 2150 uirg.
316 2087 380 2130 non
402 2066 561 2152 vituperat
584 2066 714 2152 quidem
737 2092 847 2134 eorum
868 2069 1067 2153 sententiam,
1091 2070 1147 2154 qui
1162 2079 1264 2136 aetate
1278 2093 1358 2156 pro·

212 2177 368 2244 vectiones
391 2178 531 2264 virgines
555 2181 734 2246 consecrari
758 2180 928 2265 suadeant,
957 2181 1052 2247 docet
1073 2191 1195 2266 tamen,
1222 2182 1263 2248 ab
1286 2184 1352 2269 epi-

213 2312 312 2376 scopo
339 2290 455 2375 magia,
471 2291 621 2357 virtutem
654 2302 686 2358 et
717 2317 842 2358 morum
874 2294 1088 2379 integritatem
1118 2295 1353 2380 suspiciendam

213 2424 294 2483 esse,
317 2397 413 2486 quam
436 2425 551 2468 annos:
573 2402 662 2488 quod
685 2387 892 2488 demonstrat,
915 2429 978 2470 non
999 2407 1098 2473 firisse
1121 2410 1189 2494 ejus
1211 2417 1358 2496 tempore

213 2515 474 2598 constitutionem
496 2517 537 2581 ab
560 2515 707 2584 Ecclesia
730 2517 852 2602 datam,
881 2543 963 2604 qnae
992 2531 1111 2586 certam
1139 2531 1274 2586 aetatem
1296 2543 1357 2606 po-

213 2627 359 2712 stularet,
387 2626 485 2693 immo
508 2653 584 2694 vero
606 2631 831 2718 episcopcmm
852 2633 992 2699 maxime
1014 2635 1114 2700 fuisse
1133 2633 1255 2721 judicio
1278 2655 1357 2696 oon·

213 2763 354 2823 cessum,
387 2764 427 2804 ex
453 2764 488 2806 re
516 2742 693 2813 consulere.
737 2744 848 2809 Potuit
879 2768 958 2831 ergo.
988 2746 1083 2810 etlam
1117 2744 1257 2832 Iudicia,
1289 2744 1359 2808 acsi

213 2850 321 2936 puella
351 2861 536 2918 consecrata
566 2876 646 2918 esse.
702 2855 942 2920 Benedictionis
975 2865 1081 2917 autem
1112 2853 1302 2916 vocabulum
1338 2877 1358 2917 a

215 2962 249 3028 S.
271 2962 446 3027 Ambrosio
467 2963 499 3027 in
523 2965 575 3028 cit.
599 2987 648 3050 ep.
676 2987 735 3051 pro
764 2963 1001 3029 consecratione
1029 2970 1215 3046 usurpatum
1244 2959 1355 3041 fuisse,

215 3072 294 3138 nihil
318 3073 439 3158 obstat,
463 3076 633 3159 quominus
656 3075 846 3161 accipiatur,
870 3065 950 3157 quia*
966 3093 1063 3136 voces
1086 3071 1146 3135 hae
1169 3071 1356 3159 saepissime

215 3183 302 3271 apud
313 3184 424 3252 Patres
440 3163 685 3252 confunduntur.
711 3186 863 3270 Denique
877 3181 1070 3248 vocabulum
1086 3184 1191 3270 ipsum
1208 3183 1354 3271 „puella“

214 3320 280 3362 non
310 3297 450 3364 aurificis
484 3308 615 3380 statera,
647 3308 683 3363 ut
708 3294 893 3362 Bonachius
924 3295 1013 3378 lecit,
1045 3295 1220 3362 examinari
1250 3295 1353 3378 debet,

215 3433 290 3476 nam
312 3434 376 3490 vpx
397 3410 476 3476 haec
498 3433 563 3480 non
585 3409 689 3476 solum
712 3409 753 3476 de
771 3408 836 3491 ¹iis,
868 3431 949 3494 quae
976 3407 1008 3473 in
1035 3409 1153 3475 teneris
1180 3419 1268 3490 sunt,
1300 3403 1354 3473 'sed

216 3523 346 3596 omuino
364 3501 414 3589 'de
436 3522 634 3610 juvenilibus
661 3521 803 3604 feminis,
837 3518 878 3586 de
909 3521 1063 3587 uxoribus
1095 3519 1241 3606 quidem,
1275 3541 1355 3604 quae

155 3639 157 3644 '
216 3635 408 3726 vigesimum
430 3657 547 3700 annum
570 3635 683 3702 aetatis
706 3655 933 3721 supergressae
956 3633 1108 3720 erant³⁷),
1131 3641 1313 3719 usurpatur.
1385 3623 1393 3632 ’

173 3967 183 3989 ·
217 3945 339 4013 virgines
357 3946 562 3999 consecrennrr¹⁴
582 3945 621 4014 (iri
639 3946 734 4001 codiee
753 3950 843 4000 autem
855 3944 943 4000 Vatic.
961 3945 1041 3999 Dion.
1060 3941 1172 4013 legitur:
1193 3923 1243 4013 ,Et
1255 3945 1357 3998 utente

217 4038 317 4118 ¹viginti
335 4038 454 4108 quinque
468 4053 557 4110 vannos
575 4041 674 4096 aetatis
691 4057 742 4095 nec
759 4039 875 4094 Diaconi
893 4039 1066 4105 ordinentur,
1088 4053 1141 4094 nec
1158 4037 1278 4116 virgines
1296 4053 1357 4092 con-

219 4135 394 4203 secrentrrr“).
414 4131 469 4190 'Ne
487 4133 514 4190 S.
533 4135 590 4189 Leo
608 4150 676 4204 ergo
693 4135 803 4204 quidem
822 4134 1002 4204 quadraginta
1020 4149 1105 4189 annos
1123 4132 1320 4203 expostulabat

289 4230 322 4299 ὅτ)
340 4229 382 4284 Ita
396 4244 531 4310 persaepe
547 4229 685 4299 Penelope
709 4230 782 4299 apud
800 4229 926 4284 Ovidium
950 4227 1040 4298 puella
1061 4233 1188 4299 vocatu,
1214 4227 1253 4283 ita
1279 4227 1356 4282 etiem

217 4325 355 4398 Lucretia,
382 4325 478 4382 Medea
505 4325 606 4395 (puella
622 4325 735 4382 Phasias
754 4325 827 4395 apud
845 4324 950 4395 ovio),
977 4324 1105 4381 Phaedra·
1124 4323 1225 4393 (puella
1243 4324 1356 4392 Cressa),
