3012 4936
13 4413 18 4450 t

699 235 737 303 tt

216 418 221 430 ’
252 407 346 474 Haec
376 401 483 468 omnia¹
512 409 618 464 autern
650 400 683 463 in
709 397 763 461 Ι·110
791 419 848 460 suo
877 393 1032 480 opusculo
1064 393 1197 480 protulit
1221 394 1288 458 Bo-

148 521 298 597 nachius3
339 517 372 580 in
405 514 483 579 11⁶0.
501 513 535 579 iu
571 508 794 577 dissertatione
825 507 880 571 ΙΜ
914 519 983 594 cap‘.
1005 507 1068 571 ΙΙΙ.
1100 509 1127 592 ᾗ.
1153 511 1181 572 1.
1214 526 1290 570 non·

150 633 240 700 nulla
267 627 402 696 addidit.
445 627 698 711 argumentatur
723 627 829 686 autern
861 621 943 685 inter
973 619 1048 702 alia,
1080 619 1112 682 in
1136 619 1227 704 epist.
1251 617 1292 683 ad

152 743 314 829 Siagrium
337 740 389 825 agi
412 737 452 804 dc
465 735 643 822 *illegitimo
661 733 783 822 judicic
806 733 931 799 abhoc
958 733 1109 818 episcopo
1135 731 1292 795 instituto.

154 856 227 920 Hac
250 855 282 920 in
305 876 339 916 re
361 851 456 938 plane
476 847 563 914 idem
591 869 664 912 curn
686 845 853 910 Bonachio
884 844 1056 926 sentimuS,
1090 857 1294 928 quamquam,

155 978 199 1034 ut·
213 970 279 1054 jam
308 987 348 1032 ex
375 960 639 1050 praecedentibus
667 967 813 1046 apparet,
841 956 936 1022 aliem
964 978 1091 1021 causam
1120 953 1295 1040 illegitimi-

155 1079 237 1160 tatis
260 1076 431 1142 afferimus.
484 1073 533 1140 Ut
565 1083 671 1138 autem
704 1069 857 1152 dubium,
889 1067 978 1154 quod
998 1068 1092 1133 nullo
1121 1067 1217 1132 ruodo
1240 1089 1295 1131 ex·

155 1191 275 1279 plicare
302 1197 410 1275 potest
434 1184 632 1256 Bonacbius:
679 1179 768 1265 „Cur
793 1182 834 1246 ab
862 1181 933 1246 aliis
960 1181 1073 1246 notitia
1101 1177 1298 1264 exquirenda

156 1313 239 1384 erat,
263 1297 510 1386 ,si-Veronensis
531 1295 646 1362 suisset
668 1291 811 1379 Virgo“?
835 1292 1025 1377 solveretur,
1048 1315 1111 1358 non
1135 1292 1226 1358 multi
1249 1293 1296 1357 in-

157 1413 265 1499 diguit
285 1409 421 1496 ingenii:
444 1410 523 1494 ,ejus
546 1406 592 1471 rei
614 1427 727 1489 causa,
758 1404 1005 1491 respondemus,
1028 1405 1069 1488 ab
1091 1405 1162 1470 aliis
1186 1405 1298 1488 exqui-

159 1523 260 1590 renda
282 1532 349 1590 erat
371 1518 499 1602 notitia,
522 1518 597 1603 quia
618 1517 782 1600 Veronae,
809 1539 828 1582 a
850 1540 914 1602 qua
935 1517 1063 1602 longius
1086 1515 1187 1581 abfuit
1208 1515 1298 1580 Indi-

160 1638 220 1718 cia,
243 1633 284 1700 de
306 1637 375 1720 ejus
398 1630 494 1716 culpa
516 1629 593 1695 satis
616 1652 679 1694 non
700 1629 805 1716 potuit
819 1627 971 1712 comperi,
993 1627 1081 1713 quod
1096 1629 1167 1715 ipsu
1182 1628 1301 1714 Siagrii

161 1747 299 1833 illegalis
330 1744 414 1810 actio
444 1740 579 1825 indicat,
611 1739 667 1824 qui
699 1740 740 1804 ad
771 1749 913 1806 extrema
943 1739 1118 1828 descendit.
1142 1781 1182 1792 -—
1227 1741 1301 1807 Hoc

160 1859 291 1946 quidem
313 1857 431 1942 posito,
453 1853 559 1940 pergit
580 1852 776 1936 Bonacbius,
798 1845 955 1918 Indicia'm
972 1854 1302 1920 fuisseVeronensem

162 1970 269 2057 (quod
298 1967 446 2036 omnibus
467 1975 562 2054 ,certe
593 1965 763 2052 probatum
794 1965 867 2048 erit,
902 1966 957 2050 qui
984 1989 1003 2030 a
1029 1967 1167 2053 partium
1195 1965 1303 2044 studio
1397 1959 1401 1970 '

164 2093 238 2154 sunt
260 2080 369 2165 alieni)
394 2087 461 2165 jam
484 2101 596 2144 vocem
618 2077 705 2142 illam
730 2077 876 2164 „puellat‘
900 2076 1056 2162 indicare,
1086 2078 1302 2160 „benedictio-

163 2193 233 2261 nis“
257 2191 448 2258 vocobulum
471 2213 529 2276 pro
551 2190 843 2272 ,consecrationis“
868 2211 946 2254 voce
969 2173 1195 2255 abAmbrosio
1210 2213 1302 2257 usur*

164 2307 233 2392 pari
268 2326 330 2372 non
346 2303 527 2388 -potuisse,
562 2326 635 2368 nam
669 2300 814 2386 „puellae
846 2302 1214 2388 nonconsecrabarttur,
1246 2304 1305 2369 sed

163 2417 292 2488 adultae
315 2426 346 2479 et
369 2424 470 2480 aetate
493 2413 681 2500 grandiores
703 2423 735 2478 et
757 2412 969 2499 quadraginta
996 2437 1154 2479 annorum
1173 2416 1306 2500 probata

166 2526 392 2592 constitutione
422 2525 542 2590 Leonis
573 2525 722 2610 Magni,“
755 2546 793 2588 ex
828 2547 892 2606 quo
924 2534 1111 2608 argumento
1145 2527 1308 2592 concludit

165 2635 371 2716 Bonacbius,
402 2658 467 2700 non
493 2633 674 2700 necessario
696 2633 1028 2721 esseaccipiendum,
1055 2619 1216 2702 Zenonem
1240 2639 1306 2726 epi-

168 2771 302 2835 scopum
325 2747 434 2830 fuisse,
457 2747 597 2834 puellam
616 2746 700 2810 enirn
715 2745 874 2811 Indicia'rn
889 2769 954 2812 non
967 2746 1066 2812 tuisse
1081 2759 1311 2816 consecratam.

167 2860 244 2926 Non
272 2860 355 2946 fugit
381 2835 440 2924 bos
467 2859 500 2924 in
527 2858 689 2924 nonnussis
716 2857 862 2924 ecclesiis
889 2881 938 2934 er.
966 2883 1013 2945 gr.
1041 2861 1074 2924 in
1096 2860 1257 2947 Hispania
1278 2873 1324 2948 et,

167 2973 199 3036 in
233 2971 340 3038 Gallia
371 2971 576 3058 Narbonensi
607 2971 850 3040 constitutiones
883 2971 1081 3057 postulasse,
1118 2981 1155 3036 'ut
1186 2967 1310 3039 tantum
1411 2993 1415 3001 ’

167 3083 273 3168 uirgo
297 3092 399 3154 aetate
437 3082 618 3170 provectior
639 3091 903 3154 consecraretur.
952 3077 1007 3172 In·
1021 3084 1310 3151 ‘constitutionibus

169 3193 295 3268 Concil.
328 3195 490 3279 Agathon.
524 3219 592 3260 ean.
616 3198 665 3260 19.
704 3195 795 3262 Tom.
811 3195 855 3259 11.
888 3194 1024 3263 Cossect.
1056 3195 1218 3261 Harduini
1250 3197 1310 3262 col.

174 3306 271 3386 1000,
296 3343 335 3352 -
360 3301 484 3372 Concil.
509 3303 639 3373 Caesar.
661 3308 801 3392 August.
825 3305 865 3371 de
888 3329 937 3372 an.
953 3309 1027 3376 380.
1051 3329 1119 3372 can.
1136 3309 1165 3373 8.
1179 3308 1273 3372 from.
1285 3308 1311 3376 I.

171 3415 309 3496 Coilect.
326 3413 563 3484 Harduini‘col.
577 3418 653 3500 806,
671 3419 820 3486 statuitur
844 3427 899 3498 „ut
914 3417 1192 3502 SanctimcnialeS,
1214 3441 1313 3503 quum

170 3529 250 3592 libet
272 3528 338 3595 vim
360 3550 470 3592 eorum
494 3535 525 3590 ct
553 3550 656 3592 mores
675 3529 808 3614 probati
837 3529 915 3613 sint,
947 3539 1025 3596 ante.
1039 3553 1168 3596 -annum
1201 3531 1313 3595 aetatis

129 3653 142 3668 ·
173 3662 249 3702 suae
265 3637 545 3731 quadragesimum
561 3661 625 3704 non
646 3639 819 3726 velentupss
843 3643 996 3708 Attamen
1012 3639 1096 3707 errat
1110 3661 1314 3728 magnopere,

174 3749 231 3832 qui
264 3761 367 3836 putet,
401 3774 522 3842 rnorem
553 3749 690 3832 huncce,
722 3776 817 3838 quern
846 3753 921 3822 aS.
944 3749 1054 3819 Leone
1070 3753 1115 3839 ⁵⁶)
1146 3753 1315 3840 prob'atum

247 4039 281 4111 ⁵⁶)
299 4041 331 4096 In
354 4043 418 4100 edit.
441 4045 558 4117 Operum
582 4043 610 4100 S.
628 4043 729 4098 Leonis
751 4044 786 4098 Μ.
810 4045 967 4100 curantibus
989 4044 1076 4102 Petro
1093 4047 1120 4101 ct
1138 4041 1318 4122 Hieronymo

174 4133 278 4210 Fratr,
296 4134 495 4196 Barisanta.
511 4137 635 4202 Venetiis
653 4138 721 4192 1753
738 4154 781 4208 ap.
800 4138 919 4196 Oechum
937 4141 1013 4195 'Pom
1027 4137 1060 4195 ΙΙ.
1079 4140 1149 4196 inter
1165 4141 1239 4198 Juris
1252 4143 1317 4200 Cas.

175 4231 239 4292 Vct.
253 4231 420 4306 ,documenta
445 4233 621 4304 ool.640.,n.
639 4234 692 4288 19.
706 4238 729 4299 ξ.
742 4235 778 4290 34
794 4234 906 4305 tegitur:
944 4235 1098 4306 ,Diaconus
1127 4242 1190 4292 ante
1220 4237 1319 4306 viginti

175 4327 296 4402 quinque
314 4343 401 4400 annos
418 4328 516 4384 aetatis
527 4327 571 4388 vel
584 4329 730 4401 Presbyter
747 4335 810 4386 ante
827 4329 939 4400 triginta
957 4330 1047 4386 nultus
1065 4329 1212 4402 ordinetur,
1231 4345 1319 4399 neque

217 4433 367 4500 :eiciemus
381 4451 449 4490 Zeno.
1094 4422 1112 4485 4
