3012 4936
699 271 737 333 27

140 430 286 494 monali.
342 429 509 494 Justitiam
539 427 633 493 docet
666 429 912 494 immortalitatis
946 451 1016 492 esse
1049 427 1286 512 compatricem:

141 541 245 606 factis
269 551 439 626 praecepta
462 527 671 606 consummat.¹
714 539 881 606 Postremo
908 539 1050 624 suscepit
1073 547 1217 620 mortem,
1244 547 1288 620 ut,

146 677 191 718 ea
220 652 361 734 devicta,
392 674 559 737 resurgens
589 651 711 716 homini
740 676 797 737 per
825 650 1000 732 hominem,
1036 673 1131 733 quem
1160 649 1291 735 gerebat

147 773 185 827 et
198 786 288 849 spem
302 763 475 830 vincendae
491 764 601 828 mortis
621 761 759 828 adferret
778 771 810 828 et
825 785 897 828 euru
913 761 955 826 ad
970 761 1107 846 praemia
1124 761 1286 824 immorta-

149 874 252 940 litatis
281 874 491 942 admitteret“
540 875 729 940 Lactantius
759 882 865 940 autem
893 873 967 938 Lib.
988 871 1048 936 VI.
1078 872 1154 936 Div.
1184 871 1289 936 Instit.

149 1007 222 1071 cap.
236 986 282 1050 X.
297 1011 327 1052 n.
346 989 373 1052 1.
388 985 474 1052 idem
490 985 598 1052 habet:
638 986 756 1069 „Venit
771 982 921 1052 Christus
946 985 980 1050 in
998 993 1115 1064 terram
1133 984 1167 1048 in
1187 984 1290 1069 figura

148 1096 287 1164 hominis
304 1107 336 1164 ot
350 1097 532 1164 conditione
548 1097 684 1180 mortali,
701 1105 737 1162 ut
747 1119 820 1164 cum
832 1096 1016 1182 magisterio
1027 1097 1155 1160 sununs
1166 1095 1288 1177 fuisset,

148 1207 328 1276 traderetur
347 1209 380 1274 in
404 1233 516 1274 manus
540 1210 722 1295 impiorum,
749 1218 952 1292 mortemque
974 1207 1164 1293 susciperet,
1190 1216 1227 1270 ut
1252 1230 1290 1271 ea

149 1342 279 1403 quoque
307 1344 365 1405 per
392 1321 542 1385 virtutem
577 1319 699 1386 domita
730 1329 923 1406 resurgeret,
962 1330 994 1385 et
1022 1318 1158 1401 homini,
1193 1341 1288 1402 quem

144 1428 311 1512 induerat,
333 1426 434 1514 ¹quem
460 1431 605 1516 gerebat,
632 1439 664 1496 et
689 1452 779 1516 spem
804 1431 979 1496 vincendae
1005 1429 1117 1494 rnortis
1142 1428 1288 1510 adferret,

149 1549 182 1605 et
207 1539 250 1606 ad
276 1541 418 1626 praemia
442 1541 690 1606 immortalitatis
717 1535 928 1606 admitteret.“
973 1539 1098 1606 Eodem
1119 1539 1216 1604 modo
1235 1539 1289 1603 atii

148 1675 278 1737 quoque
294 1653 470 1736 comparari
489 1653 615 1736 possint
632 1653 713 1730 loci;
741 1651 884 1739 ejusdem
904 1651 1090 1738 praesertim
1105 1651 1208 1716 XIImi
1227 1651 1287 1716 Ze·

147 1763 278 1828 noniani
300 1773 453 1830 tractatus
479 1785 550 1828 cum
576 1765 673 1830 variis
692 1764 808 1847 Instit,
832 1764 923 1846 locis,
951 1787 1086 1848 quorum
1112 1762 1290 1846 similitudo

148 1899 213 1940 non
238 1885 345 1961 potest
371 1899 441 1942 esse
466 1875 605 1941 fortuita

252 2010 351 2093 Quod
372 2022 478 2077 autem
500 2013 587 2078 Zeno
618 2013 713 2078 etiarn
735 2013 897 2078 Hilarium
925 2013 1143 2078 attentissime*
1162 2013 1286 2098 legerit,

148 2145 188 2186 ex
221 2145 284 2186 una
312 2127 379 2210 jam
411 2133 562 2210 appareat
592 2125 842 2210 comparatione:
886 2123 926 2187 In
948 2123 1054 2189 Tract
1070 2123 1148 2189 VII.
1170 2125 1243 2189 Lib.
1259 2125 1285 2188 Ι.

146 2233 288 2298 inritatur
298 2233 385 2299 Zeno
405 2236 574 2321 praecipue
597 2245 766 2302 tractatum
775 2236 893 2300 Hilarii
903 2235 935 2300 in
946 2236 1111 2302 Psalmum
1124 2233 1286 2315 UXXX.;

147 2368 177 2408 n.
194 2347 223 2410 2.
247 2369 320 2432 pag.
337 2349 388 2413 66.
416 2348 495 2413 haec
525 2347 622 2412 habet
648 2347 750 2412 Zeno:
790 2347 898 2434 „Ergo
920 2347 1025 2432 inquit
1062 2348 1131 2433 (ΡΒ.
1155 2348 1194 2412 L.
1217 2349 1285 2434 29.)

150 2457 268 2537 „Non
294 2469 344 2524 est
370 2459 544 2525 exaltatum
571 2481 626 2523 cor
652 2483 758 2523 meum
770 2441 821 2541 ,W
856 2458 995 2541 docens,
1026 2459 1183 2544 optimum
1216 2481 1286 2524 esse

149 2567 340 2632 sacrificium
362 2569 435 2634 Deo
458 2593 514 2634 cor
537 2569 793 2634 contribulatum.
839 2569 1053 2654 Quapropter,
1076 2571 1199 2652 fratres,
1222 2593 1294 2633 non·

148 2685 197 2741 est
224 2677 417 2744 efferendum
444 2679 607 2764 prosperis
633 2679 743 2762 rebuS‚
771 2679 829 2745 sed
854 2681 969 2744 timore
995 2680 1059 2744 Dei
1085 2681 1168 2744 intra
1197 2705 1284 2744 man-

148 2787 326 2854 suetudinis
353 2799 454 2855 metas
481 2789 692 2856 verecundiae
717 2793 806 2857 freno
830 2789 1063 2857 cohibendum“
1088 2801 1147 2858 eto.
1191 2793 1284 2857 Hila-

145 2901 212 2966 rius
234 2912 341 2966 autem
363 2902 384 2966 l,
408 2925 434 2968 c.
458 2901 544 2989 idern
567 2902 732 2968 observat:
771 2903 962 2988 „Optimum
984 2903 1068 2969 eninr
1092 2904 1283 2971 sacrificium

144 3015 218 3078 Deo
241 3037 297 3078 cor
318 3014 575 3079 contribulatum.
619 3014 696 3078 Non
719 3038 774 3080 cor
796 3015 946 3081 secundis
969 3016 1063 3082 rebus
1090 3015 1283 3082 efferendum

145 3133 213 3206 est,
237 3125 296 3190 sed
317 3125 381 3191 Dei
404 3135 490 3192 metu
513 3126 596 3190 intra
618 3126 870 3192 mansuetudinis
892 3128 971 3193 flnes
995 3127 1173 3193 humilitate
1195 3127 1283 3191 cohi·

145 3233 317 3298 bendum.“

250 3372 328 3436 Alia
353 3396 481 3458 quoque
508 3374 608 3438 multa
626 3379 693 3460 jam
715 3373 881 3440 Ballerinii
901 3376 934 3439 in
957 3375 1023 3440 suis
1045 3358 1129 3440 notis
1152 3375 1185 3438 in
1207 3399 1282 3439 con-

146 3483 295 3550 tentionis
324 3481 482 3570 judicium
515 3494 683 3584 vpcarunt,
718 3509 818 3570 quae,
852 3511 891 3552 ne
925 3487 1019 3552 nimis
1052 3485 1140 3571 longi
1172 3486 1283 3568 simus,

148 3595 291 3660 omittere
324 3617 517 3682 possumus,
551 3619 647 3680 quam
677 3599 744 3682 jam
772 3621 812 3661 ex
838 3597 898 3664 hac
924 3598 1019 3664 unica
1047 3595 1282 3680 comparatione

147 3705 261 3772 veritas
283 3718 409 3774 nostrae
432 3708 616 3774 assertionis
639 3709 751 3775 elucet
774 3749 815 3758 -

676 3960 704 4044 §-
722 3921 752 4024 ὲ.

161 4072 318 4172 Haeresim
329 4073 476 4134 Arionem
488 4093 509 4132 a
520 4076 638 4135 Zenone
652 4074 767 4152 pluries
784 4080 929 4134 attactam
947 4093 1020 4144 esee,
1039 4076 1263 4134 deewnstrotur.

246 4213 376 4280 Puritas
410 4225 442 4280 et
473 4215 664 4282 orthodoxia
696 4239 822 4304 semper
854 4225 886 4280 et
918 4215 1037 4300 ubique
1069 4215 1102 4280 in
1134 4215 1282 4282 Ecclesia

145 4326 285 4393 omnium
317 4327 433 4394 virium
467 4329 670 4420 contentione
703 4328 964 4410 conservabatur,
998 4337 1030 4392 et
1063 4325 1136 4392 ideo
1168 4350 1280 4395 omnes
