3012 4936
762 252 802 316 42

214 412 319 476 fratris
346 412 480 477 consilio
506 412 567 478 hoc
584 412 742 500 judicium
776 412 836 477 tibi
868 412 929 492 soli
958 410 1187 478 vindicandum
1215 412 1370 498 putaris3

214 524 247 588 in
273 547 338 608 quo
359 533 464 590 tamen
488 533 560 590 ante
579 523 737 610 judicium
760 522 989 611 praejudicium
1013 524 1136 606 feceris,
1160 533 1195 588 ut
1212 523 1370 610 puellam

213 635 351 700 Zenonis
375 647 502 701 sanctae
522 638 691 702 memoriae
713 634 836 721 judicio
860 636 1039 721 probatam,
1069 638 1202 722 ejusque
1233 636 1368 700 sancti-

212 747 338 812 ficatam
356 747 577 814 benedictione
598 760 671 834 post
692 757 740 812 tot
761 769 861 812 annos
883 748 951 812 sine
967 755 1095 812 auctore
1111 747 1369 830 criminationis,

212 857 280 924 sine
303 869 497 942 accusatore,
521 859 588 925 sine
612 861 791 945 professore
811 857 980 924 delationis
1004 859 1036 922 in
1052 858 1228 944 periculum
1244 869 1368 924 reatus

213 968 435 1036 deducendam
456 970 638 1035 a1·bitrare.“
663 1011 703 1019 -
742 969 913 1036 ‘Ballerinii
932 971 964 1036 in
983 971 1050 1037 suis
1073 969 1367 1036 dissertationibus

212 1081 306 1168 longe
325 1080 452 1166 lateque
479 1081 519 1148 de
550 1081 611 1148 hac
636 1083 772 1169 epistola
796 1082 1013 1170 disputabant,
1042 1069 1145 1148 varias
1172 1106 1294 1168 magna
1321 1107 1367 1147 ex

212 1202 302 1279 parte
336 1192 474 1260 audaces
507 1205 720 1282 proponentes
762 1199 960 1281 conjecturas
995 1205 1027 1261 et
1064 1195 1365 1282 interpretationes

211 1329 293 1390 quae
314 1329 423 1371 eorum
446 1307 646 1393 phantasiam
674 1318 705 1373 et
729 1308 878 1375 solertem
911 1308 1051 1373 animum
1084 1308 1248 1389 evincunt,
1283 1331 1362 1382 rem

209 1427 316 1482 tamen
338 1441 402 1482 non
425 1419 503 1486 satis
525 1421 617 1488 nobis
645 1419 792 1486 videntur
815 1419 956 1486 lucidam
982 1420 1099 1502 facere,
1131 1441 1229 1503 quare
1253 1419 1361 1484 etiam

210 1529 375 1598 Bonachio
400 1531 432 1596 in
469 1532 610 1598 secundo
644 1533 799 1620 opusculo
829 1533 935 1598 locum
968 1530 1125 1596 dederunt
1151 1540 1261 1596 contra
1297 1555 1360 1597 eas

210 1640 404 1730 disputandi.
599 1647 602 1650 ’
697 1651 700 1656 ’

311 1755 386 1820 Hoc
412 1757 638 1842 gravissimum
660 1757 826 1822 Ambrosii
853 1755 1070 1820 testimonium
1091 1764 1200 1820 nostra
1220 1765 1356 1821 senten-

208 1867 253 1930 tia
285 1868 416 1931 maximi
447 1879 496 1934 est
529 1867 720 1950 laciendum.
765 1869 841 1934 Non
872 1877 966 1932 vocat
993 1867 1124 1951 quidem
1154 1867 1356 1935 Ambrosius

208 1969 368 2043 Zenonem
391 2002 500 2063 neque
517 1977 716 2065 Episcopum
738 1980 971 2062 Veronensem,
998 2003 1102 2063 neque
1122 1979 1251 2043 omnino
1278 1981 1353 2064 epi-

207 2097 342 2178 'scopum
365 2092 397 2156 in
418 2115 477 2157 sua
498 2093 650 2179 epistolas
673 2092 730 2158 sed
753 2093 848 2158 talem
873 2093 972 2158 fuisse
1006 2092 1191 2157 conabimur
1213 2091 1353 2156 demon-

207 2217 321 2270 strare:
340 2209 439 2290 dirum
462 2205 568 2270 autem
592 2207 748 2271 hocloco
772 2204 812 2270 de
835 2205 946 2271 eadem
972 2203 1080 2269 fidelia
1099 2198 1180 2268 duos
1197 2203 1352 2270 dealbare

207 2339 378 2402 possumus
405 2318 557 2403 parietes,
592 2341 665 2383 curn
690 2316 975 2400 demonstratione,
1009 2317 1171 2381 Zenonem
1198 2308 1238 2381 ab
1263 2317 1348 2381 Am-

206 2427 314 2493 brosio
331 2440 614 2496 commemoratum
630 2429 849 2498 Veronensem
875 2429 974 2496 fuisse
996 2430 1184 2517 episcopum
1202 2438 1235 2496 et
1256 2439 1347 2494 ante-

205 2740 347 2804 Quomodo
366 2759 436 2813 ergo
451 2745 540 2812 potuit
558 2746 681 2801 occulere
699 2747 808 2816 crimen,
826 2745 900 2815 quod
919 2761 949 2800 se
966 2745 1011 2799 vel
1029 2743 1120 2812 specie
1138 2743 1180 2798 sui
1198 2742 1345 2810 proderet?

204 2835 347 2899 Quomodo
366 2838 434 2891 texit
451 2840 577 2892 uterum?
616 2841 758 2904 Quomodo
785 2856 838 2894 non
865 2837 967 2908 refugit
992 2839 1027 2892 ad
1054 2841 1175 2904 spectum
1194 2835 1343 2904 mulierum,

203 2929 297 2984 oculos
315 2930 507 2986 salutantium?
525 2932 668 2996 Quomodo
686 2933 837 3001 parturiens
856 2945 950 2984 vocem
968 2925 1117 2996 repressit?
1146 2926 1201 2980 Sed
1219 2925 1271 2979 hoc
1288 2943 1342 2980 non

202 3024 303 3093 patitur
321 3025 406 3080 dolor.
434 3043 462 3080 a.
482 3025 528 3080 22.
547 3026 688 3081 Paternam
703 3020 917 3094 -quoque.filiam
934 3026 1053 3076 nostram
1072 3018 1249 3086 interrogavi,
1268 3018 1340 3086 quod

202 3119 237 3173 ab
256 3135 288 3173 ea
305 3135 450 3188 numquam
469 3121 556 3176 soleat
573 3121 725 3188 discedere,
749 3119 826 3189 cujus
849 3115 947 3170 caritas
969 3114 1042 3168 vitae
1059 3111 1140 3181 hujus
1159 3111 1341 3166 testimonium

202 3219 251 3267 est.
270 3214 365 3281 ltaque
377 3215 428 3268 etsi
440 3215 557 3285 injurata
575 3215 690 3282 diceret,
709 3209 774 3267 lidei
793 3213 960 3266 sacramento
979 3205 1171 3262 conferendum
1189 3204 1272 3276 foret3
1290 3206 1342 3261 sub

201 3307 382 3362 obtestatione
401 3311 489 3363 tamen
507 3307 630 3377 professa
648 3313 702 3377 est,
721 3308 835 3362 alienam
853 3301 987 3373 criminis,
1010 3301 1273 3372 quo-appetebatur,
1291 3317 1341 3356 nec

201 3403 348 3473 quidquam
367 3402 395 3456 in
413 3418 445 3456 ea
463 3403 543 3470 scire,
562 3419 592 3456 se
609 3403 697 3458 bonae
715 3384 830 3456 vacuum
848 3398 1070 3456 conservationis.
1096 3415 1125 3452 a.
1139 3397 1185 3452 23.
1204 3397 1341 3452 Nutricem

201 3513 310 3566 quoque
331 3497 433 3552 liberae
456 3497 620 3552 conditionis
642 3496 879 3566 interrogavimus,
904 3497 948 3552 cui
966 3503 994 3552 et
1011 3503 1098 3554 status
1115 3494 1188 3549 haud
1206 3507 1340 3560 quaquam

200 3593 329 3662 degeneri
353 3592 464 3647 servitio
487 3591 622 3646 obnoxius
645 3592 796 3647 libertatem
818 3608 884 3647 vera
905 3590 1008 3648 fatendi
1032 3594 1109 3648 daret
1126 3597 1154 3645 et
1171 3585 1241 3643 iides
1259 3593 1340 3658 atque

201 3696 276 3745 aetas
303 3689 338 3742 ad
361 3689 502 3745 veritatem
524 3687 735 3757 adstipularetur
757 3693 785 3742 et
811 3683 931 3749 officium
957 3688 1070 3744 nutricis
1096 3686 1131 3742 ad
1158 3683 1341 3754 cognitionem

124 3791 125 3794 ’
187 3782 305 3840 secreti.
342 3783 382 3836 Ea
399 3797 508 3852 quoque
526 3781 592 3836 nihil
611 3783 816 3839 seindecorum
838 3785 953 3856 vidisse,
972 3785 1038 3840 nihil
1060 3784 1113 3840 sibi
1135 3780 1213 3850 quasi
1235 3783 1339 3848 parenti

201 3876 371 3933 commissam
397 3893 414 3930 a
440 3877 547 3946 virgine
573 3878 663 3948 aliqua
690 3880 803 3950 dignum
830 3881 1047 3951 reprehensione.
1084 3897 1113 3934 a.
1132 3877 1179 3934 24.
1197 3879 1248 3934 His
1273 3882 1340 3936 moti

199 3969 329 4028 Indiciam
345 3970 472 4026 inoffensi
490 3971 624 4042 virginem
641 3975 759 4033 muueris
776 3976 1022 4045 pronuntiavimus:
1041 3974 1187 4030 Maximum
1205 3979 1295 4032 autem
1313 3982 1340 4032 et

199 4069 332 4122 Renatum
355 4073 382 4122 et
405 4068 628 4125 Leontinumita
653 4070 771 4126 involvit
797 4071 943 4140 sententia,
970 4075 1001 4124 ut
1017 4070 1148 4140 Maximo,
1175 4070 1198 4125 si
1223 4087 1339 4126 errorem

199 4161 367 4233 emendaret,
387 4179 450 4235 spes
467 4165 571 4220 reditus
589 4171 784 4237 reservaretur,
802 4167 924 4222 Renatus
941 4171 1031 4220 autem
1049 4170 1078 4221 et
1088 4166 1219 4222 Leontius
1233 4182 1338 4222 excom-

199 4257 326 4312 municati
344 4264 494 4330 manerent,
521 4261 573 4315 nisi
591 4260 661 4316 forte
678 4261 793 4330 probata
810 4261 852 4316 sui
870 4261 1037 4330 poenitentia
1055 4267 1082 4318 et
1099 4261 1180 4334 hujus
1198 4260 1262 4316 facti
1280 4260 1339 4315 diu-

199 4357 278 4407 turna
295 4341 495 4428 deploratione,
507 4357 614 4426 dignos
633 4371 662 4412 se
680 4355 841 4425 praeberent
858 4355 1067 4420 misericordia.“
