3012 4936
760 259 800 324 74

204 421 321 488 colinio
354 421 388 486 in
418 420 652 485 Dissertatione
675 419 737 485 XI.
761 443 834 508 pag.
855 420 896 485 57
920 418 996 504 poni
1020 421 1130 507 jussit:
1177 414 1342 500 „Colonia

204 535 362 621 Augusta.
417 531 548 599 Verona
578 529 682 598 Nova.
739 531 949 604 Gallieniana.
1002 531 1176 597 Valeriano
1201 529 1246 594 II.
1302 529 1345 594 Et

204 645 332 712 Lucilio
347 643 447 715 Cous.
463 646 562 718 Muri.
596 643 840 710 Veronensium.
885 644 1056 709 Fabrieati.
1101 641 1165 708 Die
1180 643 1241 708 ΠΙ.
1257 635 1343 707 Non.

204 759 365 845 Aprilium
388 757 538 825 dedicati.
583 758 635 824 Pr.
657 755 744 832 Non.
767 755 967 822 Decembris.
1012 753 1162 822 Jubente.
1201 754 1342 821 Sanctis-

147 857 153 870 ’
204 872 295 937 simo.
341 869 491 938 Gallieno
522 869 608 956 Aug.
640 865 684 934 N.
712 868 885 935 Insistente
916 869 997 934 Aur.
1029 867 1220 933 Marcellino
1242 866 1288 932 V.·
1307 867 1341 932 P.

203 984 297 1049 Duce
321 979 462 1051 Curante
476 977 545 1048 Jul.
568 981 790 1048 Marcellino.“
833 982 949 1070 ‘Hujus
972 981 1018 1047 rei
1041 1003 1156 1064 eausa,
1184 991 1220 1045 nt
1241 979 1341 1044 omni-

203 1090 263 1162 bus
287 1095 407 1160 clarum
434 1095 507 1178 erit,
536 1094 738 1160 notissimum
760 1095 820 1160 fuit
842 1093 984 1161 Gallieni
1000 1095 1121 1160 'nomen
1143 1094 1292 1158 Veronae
1314 1101 1343 1157 et

203 1232 303 1294 quum
330 1217 510 1295 temporum
531 1229 709 1294 progressu
738 1206 872 1273 celebris
907 1204 1030 1278 sanatio
1062 1193 1147 1271 filiae
1177 1203 1341 1291 cujusdam

203 1319 349 1404 Galieni,
381 1319 437 1404 qui
467 1343 531 1386 non
562 1319 675 1407 procul
708 1343 728 1384 a
749 1319 879 1384 Verona
903 1317 1081 1401 habitabat,
1112 1341 1153 1384 ex
1179 1318 1342 1389 animost

202 1432 356 1500 memoria
386 1433 498 1519 populi
528 1432 658 1498 minime
689 1431 845 1514 efflueret,
878 1429 936 1498 sed
967 1455 984 1496 e
1016 1431 1173 1498 contrario
1205 1429 1343 1494 venienti

203 1545 582 1633 progenieitraderetur,
605 1569 721 1620 nomen
744 1543 904 1627 Gallieni,
923 1547 1014 1632 cujus
1034 1543 1134 1608 filiam
1149 1543 1236 1608 Zeno
1252 1565 1342 1608 sana-

202 1667 291 1724 verat
313 1653 345 1724 e't
367 1661 458 1746 eujus
482 1658 636 1724 memoria
657 1657 776 1723 sensim
803 1656 988 1739 evanuerat,
1017 1679 1090 1722 cum
1112 1655 1240 1720 nomine
1264 1653 1343 1720 Gal-

200 1759 277 1836 lieni
298 1751 520 1854 Imperatoris,
549 1768 589 1835 ab
617 1768 765 1835 omnibus
792 1769 860 1833 noti
882 1765 1032 1833 facillime
1055 1766 1206 1834 confundi
1229 1767 1342 1852 potuit,

100 1949 103 1956 ,
202 1880 345 1964 atinde,
378 1880 425 1944 nti
448 1878 622 1963 credimus,
650 1880 706 1943 illa
727 1878 768 1944 de
789 1879 997 1968 Imperatoris
1021 1879 1162 1947 Gallieni
1185 1879 1268 1944 filiae
1291 1901 1341 1943 sa-

202 1993 331 2065 natione
353 1992 491 2061 narratio
519 1992 703 2080 pertransiit
732 1981 777 2057 ad'
797 1991 995 2062 Coronatum
1021 1992 1208 2074 Notarium,
1242 1990 1342 2056 abeo

201 2104 244 2178 ad
266 2105 361 2188 alios,
395 2116 428 2170 et
453 2129 491 2172 eo
519 2104 616 2172 modo
647 2104 743 2170 etiam
774 2106 913 2172 maxime
946 2104 1120 2172 insinuavit
1149 2104 1338 2192 opinionem,

201 2217 363 2284 Zenonem
385 2219 479 2284 tertio
502 2218 641 2301 saeculo,
665 2217 816 2284 Gallieno
838 2205 1015 2305 imperante
1034 2218 1166 2298 vixisse3
1189 2218 1234 2282 ita
1247 2217 1337 2282 etiam
1423 2283 1426 2288 ,

200 2329 350 2414 permulti
366 2330 558 2416 scriptores·
579 2330 657 2396 satis
684 2321 884 2414 probabilem
912 2331 1056 2416 accipere
1079 2339 1249 2414 potuerant
1268 2351 1335 2394 nar·

201 2440 357 2507 rationem
384 2439 425 2508 de
451 2441 604 2529 martyrio
631 2429 784 2528 Zenonis,
817 2465 1011 2529 quamquam
1041 2443 1239 2528 temporibus
1263 2439 1341 2523 Gal-

199 2555 276 2620 lieni
307 2554 492 2642 paueissimi
523 2551 679 2643 martyres
710 2565 813 2622 morte
826 2555 966 2623 multati
992 2565 1066 2622 sunt
1088 2557 1143 2641 (cf.
1166 2553 1342 2620 Eusebium

148 2681 149 2686 ’
201 2667 288 2733 Hist.
315 2667 392 2743 coel.
420 2667 493 2733 Lib.
509 2667 587 2734 VII.
611 2677 680 2756 cap.
696 2669 822 2757 XI·H.).
870 2672 1101 2758 Imperatorem
1128 2675 1235 2733 autem
1262 2663 1342 2732 Gal-

199 2778 334 2863 lienum,
362 2782 453 2866 cujus
480 2779 547 2844 filia
569 2781 738 2848 a·Zenone
760 2807 779 2848 a
801 2783 957 2850 daemone
978 2767 1112 2848 liberata
1134 2778 1251 2844 dicitur
1273 2777 1345 2861 ipsa

200 2888 331 2972 quidem
358 2889 489 2954 traditio
515 2913 632 2956 vocare
658 2917 722 2957 non
749 2895 917 2979 permittit3
951 2891 1088 2956 traditur
1120 2890 1204 2954 enim
1236 2886 1343 2966 etiam,

201 2989 349 3088 primuni,
371 3001 428 3086 qui
447 3000 480 3065 in
496 3000 647 3067 honorem
665 3002 993 3068 Zenonis·ecclesiam
1016 2999 1241 3080 aedificaverit,
1265 3017 1342 3061 con-

202 3111 410 3199 sanguineum
422 3111 591 3197 quendam
608 3112 749 3194 Gallieni
771 3114 883 3196 fuisse,
906 3121 998 3200 grata
1019 3110 1174 3179 memoria
1194 3108 1343 3179 beneficii

199 3224 285 3291 illius
316 3247 503 3312 memorem,
536 3250 601 3313 quo
624 3226 765 3294 Gallieni
786 3226 854 3294 filia
885 3235 997 3292 sanata
1028 3227 1137 3309 fuerit3
1171 3227 1206 3294 id
1236 3236 1342 3292 tamen

200 3335 366 3404 familiaris
390 3337 532 3406 Gallieni
554 3329 763 3426 'Imperatoris
790 3342 895 3406 faeere
921 3363 985 3406 non
1013 3341 1131 3428 potuit,
1159 3341 1236 3427 quia
1251 3344 1342 3405 'teste

200 3449 347 3517 Romano
369 3449 521 3517 historico
544 3449 647 3534 Sexto
666 3452 800 3521 Aurelio
812 3453 945 3520 Victore
968 3453 1067 3541 (cira.
1082 3477 1132 3519 an.
1154 3449 1246 3541 360),
1269 3460 1343 3539 post

200 3585 312 3630 necem
334 3564 428 3653 hujus
450 3564 658 3650 Imperatoris
681 3587 792 3634 omnes
808 3569 876 3654 ejus
893 3568 1123 3658 consanguinei
1138 3567 1242 3634 necati
1258 3551 1341 3646 sunt,

200 3675 285 3742 unda
308 3677 461 3762 sequitur,
484 3700 548 3743 non
565 3678 715 3763 'potuisse
737 3702 757 3743 a
780 3679 909 3750 Galieni
921 3683 1127 3772 Imperatoria
1149 3676 1339 3764 consangui-

200 3811 260 3855 neo
283 3789 456 3856 ecclesiam
475 3785 605 3856 exstruil
679 3797 700 3808 ''
771 3860 775 3866 ⁴
958 3787 962 3793 ’

301 3901 377 3967 Hoc
407 3899 504 3968 modo
537 3909 703 3988 putamus,
735 3904 929 3973 satisfecisse
951 3929 1011 4000 nos
1033 3905 1200 3993 proposito
1222 3914 1341 3987 nostro,

200 4035 265 4098 quo
288 4012 506 4080 demonstrare
527 4014 688 4080 noluimus
712 4010 873 4084 Zenonem
894 4015 1122 4087 Confessorem
1145 4017 1249 4104 quarti
1272 4039 1341 4084 sae·

201 4124 265 4192 culi
286 4125 387 4192 fuisse
408 4135 441 4194 et
463 4149 656 4213 quamquam
679 4151 743 4195 non
764 4131 965 4196 obvolvimus
982 4139 1081 4196 totam
1098 4129 1342 4215 explicationem

201 4247 250 4302 tot
272 4235 468 4324 argumentis
492 4237 593 4306 et'tot
607 4219 791 4307 audacibus
815 4243 1022 4328 conjecturis,
1051 4252 1085 4307 ut
1107 4240 1273 4307 Ballerinii
1295 4241 1339 4304 fe·

201 4363 322 4442 carent,
350 4376 433 4446 quae
460 4377 528 4426 rem
554 4354 632 4424 satis
660 4354 839 4442 simplicem
867 4355 1068 4444 complexam
1094 4364 1217 4423 tantum
1239 4354 1342 4420 facere
