3012 4936
747 275 787 336 22

198 438 278 502 lorii
299 437 509 502 Pictouieoaia
535 443 609 498 sunt
631 456 743 518 opera,
774 432 862 517 quod
882 455 944 496 nna
958 453 999 495 ex
1014 439 1103 514 parte
1113 435 1181 516 jam
1196 453 1237 494 ex
1251 430 1336 516 stylo

197 556 303 630 patet,
334 547 390 630 qui
419 545 628 630 proprietates
658 567 769 610 omnes
798 553 988 612 tractatuum
1014 541 1109 628 hujus
1135 542 1277 625 episcopi
1302 543 1336 604 in

199 657 344 724 Psalmos
367 657 478 738 habet,
508 655 571 720 alia
597 679 636 722 ex
662 665 752 741 parte
777 679 818 722 ex
844 655 948 722 citatis
972 655 1005 718 in
1029 652 1220 740 Hieronymi
1244 653 1336 736 epist.

198 769 366 834 XXXIV.
383 768 425 834 ad
435 767 580 834 Marcell.
596 770 660 833 n.3
676 779 708 832 et
721 771 743 834 5
758 768 789 832 in
799 767 967 832 Hinemari
981 765 1036 832 lib.
1052 765 1092 832 de
1105 764 1336 831 Praedestinat.

198 903 267 966 cap.
282 879 397 945 XXV.
413 919 455 930 -
489 879 565 944 Duo
585 877 723 963 deniqne
742 888 909 946 tractatus:
930 878 971 946 de
993 877 1117 944 Lazaro
1138 889 1171 942 et
1189 874 1230 942 de
1245 877 1336 942 Mar-

196 991 281 1078 tyrio
309 991 413 1077 Isajao
442 991 622 1075 Prophetae
651 1001 683 1064 et
712 990 849 1075 epistola
881 989 923 1055 ad
952 990 985 1058 S.
1015 988 1227 1056 Athanasium
1261 997 1337 1052 sunt

198 1105 337 1168 Potomii
366 1103 521 1187 Episcopi
539 1103 602 1189 ³⁷),
643 1105 735 1188 cujus
775 1101 911 1186 epistola
943 1099 1029 1185 apud
1062 1100 1268 1169 d'therium
1301 1100 1336 1162 in

197 1212 371 1298 Spicilcgio
401 1237 514 1280 recusa
542 1223 600 1280 est.

661 1471 804 1553 asculo
833 1473 871 1552 ΙΙ.

231 1621 258 1677 a.
276 1623 368 1679 nuso
379 1623 580 1696 spiscopus
599 1623 824 1682 vnsonsssrs
843 1623 990 1690 cunano
1008 1624 1110 1678 vrxrr
1128 1622 1299 1678 sancum.

727 1773 802 1854 cr.

197 1875 379 1950 Arqumenta
400 1896 438 1934 cor
456 1876 639 1936 Zenon-ionia
664 1877 840 1936 tractoriam
862 1885 982 1954 sumpta
1003 1881 1045 1938 ad
1066 1880 1334 1947 demonstrandum,

350 1989 397 2028 cos
416 1971 537 2030 nonnisi
555 1978 661 2046 quarto
678 1974 796 2032 soeculo
814 1974 948 2034 conditos
965 1994 1026 2034 osse
1039 1974 1180 2050 potuisse.

303 2108 508 2194 Quamquam
534 2123 722 2198 argumenta
750 2123 881 2180 externa
908 2115 1006 2201 vulgo
1039 2115 1257 2199 praeferuntur
1286 2112 1334 2174 in-

194 2222 293 2288 ternis
323 2221 356 2286 in
386 2223 574 2307 consimilh·
590 2233 626 2289 nt
654 2233 704 2289 ost
732 2235 841 2290 nostra
870 2227 1022 2308 materia,
1055 2235 1177 2306 tamen,
1211 2246 1337 2307 semper

195 2333 303 2418 magni
329 2334 476 2400 facienda
502 2345 576 2400 sunt
599 2336 724 2400 interna
746 2348 948 2422 argumenta,
979 2338 1033 2402 ubi
1060 2347 1261 2402 externorum
1287 2345 1337 2400 est

196 2445 336 2530 penuria.
382 2445 491 2528 Quum
521 2457 675 2514 tractatus
705 2448 843 2515 Zenonis
883 2459 957 2515 sunt
997 2447 1168 2536 ejusmodi,
1209 2457 1245 2512 nt
1273 2447 1335 2530 ipsi

195 2567 339 2642 apertum
366 2567 399 2623 et
423 2559 628 2644 perspicuum
652 2560 789 2644 faciant,
815 2585 954 2646 quonam
979 2562 1044 2628 sint
1069 2561 1243 2648 conscripti
1265 2583 1335 2625 sae·

196 2671 278 2752 culo,
294 2693 367 2734 cnm
382 2670 501 2756 gaudio
517 2697 556 2738 ex
572 2673 611 2738 iis
627 2671 817 2758 deprompta
831 2684 1018 2761 argumenta
1032 2684 1107 2740 sunt
1124 2671 1318 2758 accipienda.

298 2781 435 2846 Maximi
460 2785 612 2862 momenti
632 2784 784 2851 indicium
807 2788 938 2868 praebet
957 2786 1062 2854 Tract.
1079 2786 1120 2849 V.
1141 2785 1214 2850 Lib.
1230 2785 1273 2865 L,
1302 2784 1335 2846 in

196 2914 260 2975 quo
280 2891 428 2956 statuitur
448 2903 549 2974 aetas,
574 2895 606 2958 in
627 2917 691 2976 quo
711 2905 821 2960 unctor
845 2900 912 2980 ejus
937 2896 1063 2973 vixerit3
1087 2894 1224 2978 legimus
1249 2895 1333 2956 enim

195 3027 225 3066 n.
241 3006 271 3068 4.
299 3024 372 3087 pag.
387 3004 456 3070 50.:
488 3004 554 3085 „At
585 3027 683 3088 quum
713 3015 786 3072 ante
815 3028 915 3071 annos
944 3006 1043 3069 fermo
1073 3001 1334 3087 quadringentos,

195 3113 246 3180 vel
274 3137 312 3178 eo
339 3115 475 3198 amplius
502 3116 713 3199 apostolicum
739 3117 801 3181 hoc
827 3123 1008 3199 operaretur
1036 3112 1176 3178 edictum
1205 3114 1335 3198 (nempe

195 3226 221 3289 I.
238 3225 373 3308 epistola
399 3225 441 3290 ad
467 3224 684 3313 Corinthios),
714 3251 778 3312 quo
809 3237 841 3292 et
869 3224 1044 3290 vivaciores
1073 3225 1160 3290 fuere
1190 3224 1334 3290 homines

195 3347 227 3402 et
249 3336 404 3402 rarissimi
430 3337 619 3416 Christianh
647 3362 703 3404 cur
725 3361 802 3424 ergo
829 3333 1013 3406 Christiano
1037 3338 1115 3404 orbe
1140 3337 1212 3422 ipso
1235 3359 1335 3422 paene

191 3452 258 3536 jam
285 3457 368 3532 toto,
397 3449 627 3533 hominumque
656 3451 825 3516 vivacitate
855 3445 976 3514 mundo
999 3459 1184 3516 senescente
1209 3448 1333 3529 detrita,

195 3560 370 3628 obtundam
399 3561 505 3628 verbis
534 3560 737 3646 palpantibus
768 3563 870 3628 aciem
899 3561 1058 3644 veritatis,
1089 3584 1128 3626 ac
1152 3583 1216 3624 non
1241 3559 1334 3644 plone

195 3671 390 3738 dementium
424 3672 642 3740 observantiae
677 3695 742 3757 qua
771 3674 963 3758 perfectione
992 3674 1057 3740 Dei
1086 3671 1190 3738 cultus
1220 3670 1335 3738 debeat

195 3781 394 3852 custodires<
441 3785 528 3854 Satis
549 3793 696 3850 accurate
719 3795 845 3872 tempus
872 3785 1049 3856 destinatus
1077 3794 1139 3866 est,
1166 3805 1230 3868 qno
1249 3784 1276 3849 1.
1292 3782 1334 3850 ad

265 4069 298 4138 ³⁷)
316 4069 377 4125 Non
407 4067 489 4124 debet
518 4065 647 4124 confundi
676 4067 721 4124 hic
750 4069 896 4142 episcopus
925 4083 985 4122 cum
1015 4062 1165 4136 Potomia,
1194 4065 1332 4136 Episcopo

195 4163 397 4234 Ullisiponensi,
410 4165 488 4237 cujus
500 4163 643 4234 epistolam
655 4163 729 4233 apud
742 4163 868 4218 Sirmium
881 4161 1008 4230 scriptam
1019 4159 1194 4216 Phoebadins
1205 4163 1268 4231 pag.
1273 4160 1331 4214 301.

194 4261 269 4314 Tom.
282 4259 329 4314 IV.
347 4257 534 4317 Bibliothecae
551 4259 604 4314 PP.
623 4258 722 4314 edidit:
749 4255 794 4312 hic
816 4274 832 4311 a
850 4256 1010 4312 Constantio
1034 4259 1189 4324 corruptis,
1215 4254 1332 4318 Asianus

193 4353 281 4410 facus
299 4358 349 4410 est.
758 4381 761 4385 -
