3012 4936
761 239 800 304 70

146 377 149 382 ’
208 392 405 460 Veronensis
426 393 620 482 Episcopus,
644 397 699 481 qui
722 394 847 462 decimo
871 399 1004 466 florebat
1026 402 1176 468 saeculo..
1194 403 1276 470 Hic:
1299 405 1350 472 De

209 505 394 594 contemptu
428 531 585 574 canonum
602 510 650 574 in
672 510 767 576 Parte
789 512 815 576 Ι.
839 512 899 576 ool.
923 503 989 578 360
1019 515 1068 598 (in
1099 513 1175 580 edit.
1205 515 1350 582 Ratherii

208 617 359 704 EpVer.
375 619 485 706 Opera
508 631 567 686 eto.
590 623 775 690 curantibus
798 624 964 690 Fratribus
983 625 1081 702 Petro
1103 634 1136 691 ct
1150 626 1349 716 Hieronymo

208 730 392 797 Belleriniis
414 732 562 798 Veronae
587 735 670 800 1765
692 732 741 798 ed.
764 735 911 822 Moroni)
934 736 979 800 ita
1001 736 1156 822 loquitur:
1190 739 1295 824 „Utar
1316 754 1349 807 ut

208 841 262 909 hic
285 845 473 909 auctoritate
495 845 634 910 Zenonis
658 845 756 930 beati,
779 845 812 910 in
836 867 985 928 sermone¹
1004 848 1168 935 videlicet,
1192 875 1288 937 quem
1311 853 1349 919 de

207 953 297 1020 Juda
319 953 505 1020 Patriarcba
531 965 563 1022 et
585 955 725 1022 Thamar
743 975 833 1024 'nuru
859 959 977 1045 ipsius,
1005 983 1093 1026 more
1119 985 1178 1028 suo
1205 963 1347 1031 luculen-

208 1065 331 1132 tissime
346 1068 433 1151 fecit,
456 1067 604 1134 dicentis:
630 1069 828 1152 „Omnium
844 1081 994 1160 corrupte
1007 1073 1348 1144 viventium-diabolus

208 1177 304 1243 Pater
325 1185 415 1248 eet““
439 1190 499 1246 etc.
543 1180 635 1248 Idem
658 1182 690 1246 in
714 1182 878 1270 Synodica
899 1183 941 1250 ad
963 1184 1173 1272 Presbyteros
1196 1198 1229 1253 et
1251 1188 1348 1274 Ordi-

208 1313 265 1358 nes
296 1301 419 1361 eeteros
450 1294 627 1360 forinsecus
658 1295 755 1362 Parte
776 1296 803 1360 Ι.
819 1297 898 1379 ,col
920 1280 1005 1372 413.ss
1026 1338 1068 1398 ,-
1117 1298 1198 1364 Post
1227 1300 1348 1367 huncce
1396 1357 1402 1364 .
1483 1289 1484 1328 l

207 1404 407 1492 Episcopum
431 1407 526 1473 silent
549 1407 589 1496 de
611 1410 812 1475 sermonibus
835 1409 1027 1475 Zenonianis
1051 1412 1221 1497 scriptores
1250 1437 1349 1498 usquc
1393 1423 1394 1428 ’

207 1515 249 1582 ad
271 1517 368 1583 XIV.
392 1520 564 1585 saeculnm.
614 1521 742 1587 Primus
766 1530 815 1586 est
836 1521 981 1609 Joannes
1002 1521 1175 1610 Presbyter
1198 1524 1349 1611 (testibus

207 1630 391 1697 Balleriniis
413 1654 486 1718 pag.
505 1634 567 1698 172
590 1632 672 1698 inter
694 1637 924 1720 monumenta),
948 1659 966 1700 a
989 1658 1053 1719 quo
1068 1659 1118 1700 an.
1137 1638 1221 1702 1320
1234 1637 1349 1703 Histo-

207 1743 324 1809 riarum
351 1743 570 1830 imperialium
597 1744 671 1811 libri
697 1745 818 1810 conditi
847 1756 934 1825 srmt3
967 1747 1026 1831 qui
1050 1771 1160 1818 omnes
1187 1772 1350 1816 sermones

207 1863 385 1938 enumerat,
418 1877 499 1939 quos
532 1856 565 1920 in
597 1856 709 1943 primis
743 1857 938 1939 editionibus
969 1859 1029 1924 sub
1060 1859 1189 1944 nomine
1212 1861 1350 1928 Zenonis

206 1968 385 2035 invenimus
418 1990 554 2034 excusos
577 1969 755 2055 asseritque
777 1972 809 2036 in
832 1972 908 2036 fine:
954 1972 1066 2054 „Haec
1097 1971 1199 2056 ipsius
1231 1976 1371 2060 scripta>

207 2090 239 2146 et
264 2089 419 2174 tractatus
450 2079 517 2154 vidi
549 2091 580 2146 et
610 2081 704 2168 legi.“
751 2087 865 2150 Petrus
897 2084 971 2150 Calo
1003 2083 1087 2169 Orn-
1118 2084 1240 2182 Praed²
1264 2086 1347 2170 apud

206 2197 435 2262 Heneclrenium
457 2194 608 2260 Tem-H.
631 2219 705 2281 pag.
722 2197 763 2260 76
786 2195 828 2260 ad
855 2199 903 2262 12.
923 2195 1084 2280 Aprilem:
1109 2195 1276 2285 „Scripsit
1296 2199 1342 2262 in-

207 2307 277 2391 quit
299 2307 332 2374 S.
356 2308 443 2372 Zeno
466 2315 620 2372 tractatus
643 2307 826 2392 octoginta“
852 2318 912 2372 etc.
947 2309 1135 2374 Guillelmus
1158 2313 1341 2398 Pestrengus

206 2421 238 2484 in
260 2418 316 2485 lib.
338 2418 378 2484 de
400 2419 490 2486 Viris
512 2419 691 2485 illustribus
713 2443 787 2507 pag.
805 2422 870 2505 77,,
889 2421 1004 2486 Petrus
1032 2421 1072 2487 de
1098 2421 1272 2505 Natalibus
1298 2445 1346 2506 op.

206 2533 259 2599 cit.
281 2532 355 2600 Lib.
371 2534 421 2599 IV
424 2583 432 2598 .
455 2557 524 2619 cap.
539 2533 686 2618 XLIll.‚
718 2537 863 2602 Blandus
885 2537 1021 2614 Flavius
1043 2560 1095 2623 op.
1118 2535 1170 2630 eit.
1194 2529 1284 2622 parte
1305 2535 1348 2600 Η.

207 2645 247 2712 de
269 2645 374 2720 Roma
386 2647 554 2741 nillustrata
575 2648 706 2734 regione
721 2648 784 2716 lX.
808 2673 881 2735 pag.
902 2650 963 2715 103
987 2649 1019 2714 in
1034 2646 1349 2728 Marcbione'Trevi-

208 2758 291 2841 sina,
315 2799 356 2806 —
379 2761 517 2826 Mielra'e'l
540 2763 690 2826 Fossatne
711 2761 772 2826 lon.
796 2762 858 2826 cn.-
871 2761 904 2824 in
927 2760 1066 2826 editione
1088 2758 1226 2823 Zenonis
1249 2783 1268 2822 a
1288 2759 1369 2824 Pe·'
1483 2783 1484 2830 1

206 2877 288 2934 retto
311 2879 343 2935 et
357 2871 496 2954 Bagatta
519 2880 638 2952 curata,
663 2871 710 2936 de·
726 2872 926 2957 sermonibus
942 2870 1086 2948 Zenonis?
1103 2869 1286 2949 loquuntur.
1308 2907 1349 2916 -

206 2979 304 3053 Nunc
326 2979 419 3050 nobis
443 2979 484 3044 ad
507 2960 668 3056 editiones
687 2980 774 3064 ipsas
795 2977 1025 3064 enumerandas
1041 2975 1270 3040 transeundum
1286 2987 1349 3042 est:

206 3087 315 3178 Prima
341 3089 440 3157 editio
463 3090 722 3176 Venetiis2apud
744 3088 956 3156 Benedictum
978 3089 1157 3158 Fontanam
1184 3089 1218 3154 in
1244 3089 1349 3181 lucem

206 3203 327 3290 prodiit
347 3227 397 3270 an.
423 3207 507 3272 1508
529 3204 688 3290 habetque
711 3202 854 3268 titulum:
878 3200 1019 3282 „Eximii
1041 3209 1073 3268 et
1088 3192 1274 3268 excellentis
1289 3204 1350 3268 viri

206 3316 515 3404 praeclarissimique
542 3317 704 3383 ,Doctoris
735 3316 770 3385 S.
793 3314 931 3380 Zenonis
968 3315 1123 3400 Episcopi
1154 3315 1349 3388 Veronensis

207 3432 398 3500 Sermonum
421 3429 732 3517 elegantissimorum
755 3428 804 3516 ad.
819 3427 980 3512 Populum
1002 3437 1210 3518 exceptorum
1233 3454 1273 3494 ex
1295 3453 1348 3504 ve,-

208 3544 389 3611 tustissimo
411 3543 571 3610 volumine
594 3543 750 3608 Veronaev
764 3544 804 3609 ab
828 3541 972 3608 Guarino
986 3541 1064 3607 ¹viro
1090 3541 1351 3625 eloquentissimo

207 3658 240 3722 in
262 3657 429 3742 Episcopii
451 3655 648 3722 Veronensis
671 3655 867 3722 bibliotheca
888 3659 1033 3739 reperto“
1064 3651 1172 3724 editio.
1221 3654 1350 3721 Sermo-

207 3793 263 3836 nes
286 3751 349 3855 ipsi
360 3769 403 3834 ‚in
426 3781 490 3836 tres
513 3768 707 3836 divisi-sunt
728 3778 848 3855 partes:
876 3767 931 3832 Ι1118
954 3766 1095 3836 continet
1123 3764 1351 3851 septemdecim

208 4021 271 4124 post
291 4070 396 4110 annum
414 4055 466 4110 932
484 4053 643 4110 Ratherium
660 4052 790 4124 Episcopi
816 4067 913 4108 munus
933 4046 1105 4116 suscepisse,
1132 4047 1253 4103 Hilduini
1280 4048 1351 4102 enim

205 4164 347 4206 successor
372 4147 425 4206 fuit
450 4148 596 4206 Ratherius
622 4154 651 4204 et
676 4149 830 4204 Hilduinus·
849 4163 892 4200 an.
912 4145 962 4205 931
988 4147 1035 4196 aut
1052 4137 1104 4196 932
1121 4141 1350 4212 Archiepisoopus

205 4243 415 4300 Mediolaneneis
433 4261 468 4302 ex
486 4244 636 4301 Veronensi
655 4244 785 4312 episcopo
805 4243 909 4297 eiectus
928 4243 978 4316 est:
1017 4235 1057 4292 Of.
1073 4235 1214 4306 Ughellum
1227 4239 1303 4293 Tom.
1316 4238 1350 4292 V.

206 4355 269 4412 pag.
284 4339 342 4398 734.
378 4341 499 4398 Histoire
516 4340 597 4400 litter.
616 4340 651 4396 de
669 4339 696 4392 la
712 4339 814 4394 Frauee
827 4337 908 4402 Tem.
921 4334 968 4388 Vl.
991 4333 1118 4408 pagane
1132 4348 1172 4406 sq.
