3012 4936
714 249 751 315 at

161 427 303 481 mentum
326 424 433 477 tamen
447 409 604 474 Bonaehii
627 407 831 494 desumptum
854 431 893 471 ex
915 409 975 473 hoe
991 400 1188 473 loco'contra
1203 402 1299 475 Tille-

62 575 64 580 ,
161 526 328 605 montium,
352 545 446 606 quem
470 521 584 586 docere
607 522 639 583 in
662 520 794 584 historia
817 520 1034 585 ecclesiastiea
1049 522 1110 586 sibi
1126 545 1300 606 proposue-

162 648 230 718 rat,
265 633 432 699 constabit.
481 632 562 697 Vult
599 633 697 715 enirn,
735 655 799 696 non
833 631 1014 718 intelligens
1047 643 1149 696 totum
1183 625 1299 714 locum,

162 747 364 812 Tillemontis
401 745 637 834 demonstrare,
669 752 839 809 tractatum
877 744 1000 810 huncce
1034 743 1074 809 de
1108 740 1301 808 continentia

163 861 316 946 scriptum
344 881 413 922 esse
439 880 503 920 non
534 879 629 940 posse
652 865 737 940 ‘post
768 855 908 920 medium
942 856 1106 920 saeculum
1141 865 1299 940 quartum,

163 995 227 1057 quo
250 963 484 1036 Tillemontius'
498 969 618 1033 vixisse
646 967 807 1031 Zenonem
834 976 974 1052 putaret,
1008 967 1183 1032 Baronium
1217 963 1300 1032 enim

161 1083 337 1166 testificari,
360 1081 442 1146 dicit
457 1080 667 1162 'Bonachius,
690 1080 751 1143 hac
777 1089 977 1164 tempestate,
1001 1080 1248 1165 neque‘templa
1268 1080 1300 1142 in

160 1196 307 1260 manibus
331 1194 529 1258 ethnicorum
551 1193 666 1271 fuisse,
688 1214 791 1274 neque
807 1191 852 1254 eis
869 1191 1025 1254 sacrificia
1038 1191 1142 1254 facere
1161 1191 1301 1259 licuisse.

160 1309 312 1372 Attamen
339 1305 372 1368 in
398 1303 533 1368 historia
559 1301 777 1366 ecclesiastica
802 1321 866 1364 non
893 1300 953 1364 fuit
978 1289 1043 1364 tam
1066 1311 1211 1366 versatus
1233 1303 1299 1366 Bo-

162 1417 310 1497 nachius,
342 1424 378 1479 ut
399 1423 587 1500 praeceptor
609 1412 804 1477 Tillemontii
827 1412 980 1478 exsistere
1007 1409 1124 1498 possit,
1151 1424 1191 1478 et
1210 1411 1299 1479 teati-

162 1531 249 1593 natio
272 1531 342 1614 ejus
364 1526 425 1590 luit
446 1523 626 1611 improvida
650 1547 690 1588 ac
718 1547 828 1605 coeca,
860 1547 959 1607 quum
994 1523 1248 1603 „absurditates“
1283 1551 1301 1589 a

161 1639 379 1705 Tillemontio'
404 1637 538 1724 proferri
560 1637 744 1700 'dictitaret
787 1636 927 1700 Joviano
961 1636 1044 1699 enim
1079 1637 1300 1724 (eeu-364),

160 1751 386 1838 Valentiniano
408 1748 621 1834 (364-378)
642 1757 674 1812 et
689 1747 824 1813 Valente
848 1749 1060 1834 (ast-375)
1082 1750 1300 1834 regnantibus,

160 1885 297 1947 quorum
318 1853 463 1946 tempore
485 1859 572 1924 Zeno
591 1859 703 1924 -llornit
724 1868 756 1924 et
789 1857 931 1946 scripsit,
965 1859 1171 1924 ethnicorum
1196 1862 1300 1928 cultus

161 1973 302 2038 nondum
326 1970 460 2036 erat'ita
481 1993 692 2057 suppressus,
722 1983 757 2036 ut
778 1973 897 2057 templa
919 1992 1028 2038 eorum
1053 1973 1162 2037 clausa
1184 1986 1300 2056 essent,

61 2163 65 2171 .
162 2094 194 2148 et
215 2084 277 2170 ipsi
300 2085 333 2147 in
355 2083 523 2148 sacrificiis
547 2081 717 2148 offerendis
740 2084 991 2166 prohiberentur.
1036 2083 1147 2148 Potuit
1173 2109 1300 2170 quoque

161 2196 395 2279 Tillemontius,
411 2196 467 2280 qni
482 2194 644 2281 praeclara
658 2193 835 2260 eruditione
850 2203 882 2259 et
897 2195 1042 2262 doctrina
1056 2196 1089 2259 in
1104 2195 1237 2260 historia
1249 2221 1300 2262 ee·

161 2309 340 2374 clesiastiea
366 2309 426 2372 fuit
459 2317 605 2389 omatus,
641 2307 709 2372 sine
732 2308 796 2372 ulla
819 2307 1027 2372 haesitatione
1049 2307 1188 2373 Zenonis
1211 2311 1300 2374 testi-

161 2422 268 2482 monio
304 2422 352 2483 uti
388 2415 684 2501 demonstraturus,
728 2421 761 2482 in
799 2417 976 2482 Occidente
1013 2421 1095 2482 int-er
1132 2421 1298 2484 missarum

162 2529 316 2594 solemnia
337 2529 409 2593 vela
429 2530 570 2595 obducta
591 2530 705 2610 fuisse,
730 2539 762 2592 et
783 2528 918 2590 multum
941 2529 1046 2608 affuit,
1070 2535 1105 2592 ut
1126 2532 1301 2613 pugnantia

160 2641 354 2725 loqueretur.
392 2679 434 2688 -
489 2638 588 2721 Quod
618 2647 728 2702 autem
767 2637 991 2703 Tillemontius
1028 2638 1106 2701 nihil
1144 2639 1300 2719 habuerit,

162 2750 249 2835 qnod
277 2762 418 2838 opponat
444 2751 522 2816 aliis
542 2748 673 2815 Baronii
707 2749 996 2830 observationibus,
1031 2773 1071 2812 ex
1103 2752 1300 2816 sermonibus

161 2863 300 2929 Zenonis
324 2863 518 2948 desumptis,
552 2862 630 2926 satis
653 2862 760 2925 mirari
787 2883 850 2924 non
877 2870 984 2947 potest
1004 2861 1204 2940 Bonachins3
1236 2865 1300 2928 imo

160 2998 236 3040 vero
255 2976 435 3061 perspicere
451 2977 514 3038 non
530 2973 635 3060 potuit
649 2972 781 3036 Baronii
804 2971 942 3037 rationes
962 2977 1016 3058 jus
1039 2993 1132 3038 sunm
1153 2976 1299 3057 retinere,

161 3087 189 3150 si
222 3087 262 3150 ad
294 3095 441 3170 quartum
476 3084 607 3170 quidem
642 3084 803 3150 saeculum
838 3084 1130 3153 accommodentur.
1171 3085 1211 3150 In
1232 3099 1297 3152 tota

161 3219 219 3260 sua
241 3195 462 3262 dissertatione
483 3195 629 3261 Bonachi
654 3197 718 3260 lere
746 3219 856 3260 omnes
884 3195 1142 3282 argumentorum
1169 3197 1299 3262 suorum

159 3307 416 3372 confirmationes
454 3331 495 3370 ex
531 3307 696 3372 annalibus
733 3308 864 3371 Baronii
886 3315 1078 3391 *mutuatum
1121 3310 1176 3392 qui
1214 3320 1298 3374 certe

158 3441 294 3505 magnus
317 3428 367 3482 est
387 3418 564 3482 historicus·
582 3428 614 3482 et
635 3420 720 3482 omni
743 3417 837 3484 laude
861 3419 988 3506 dignus,
1012 3429 1149 3486 attamen
1173 3421 1298 3504 ipsein

160 3531 267 3594 multis
287 3530 414 3614 enavit,
435 3528 522 3614 quod
538 3540 703 3594 accuratae
719 3526 961 3596 Catholicorum
977 3531 1168 3616 seiiptorum
1190 3555 1297 3597 emens

159 3639 303 3706 dationes
324 3641 549 3723 testificantur,
571 3653 608 3705 ut
628 3643 841 3727 protestantes
865 3643 1031 3723 sileamus,
1058 3641 1114 3726 qui
1130 3641 1296 3708 :interdum

159 3775 224 3816 non
252 3752 385 3838 injustas
417 3754 574 3818 fecerunt·
590 3755 813 3820 correctiones.
830 3794 840 3800 --
869 3751 951 3839 Cap.
974 3752 1063 3838 Vn„
1079 3751 1297 3818 demonstrare

160 3861 268 3928 studet
288 3864 486 3948 Bonachius,
514 3867 696 3950 sermones,
728 3867 761 3929 in
795 3865 912 3950 quibus
946 3874 1056 3930 contra
1078 3866 1149 3929 Arii
1176 3889 1297 3956 errores

159 3975 247 4040 Zeno
282 3976 454 4060 procedere
492 3975 631 4060 dicatur,
669 3976 866 4062 temporibus
888 3977 1041 4068 ,Gallieni
1078 3977 1296 4063 Imperatoris,

158 4086 307 4155 conditos
330 4110 399 4152 esse
422 4113 526 4174 posse.
571 4090 610 4153 In
636 4089 697 4154 hoc
724 4091 827 4174 capite
854 4111 904 4152 res
936 4083 1028 4152 mira!
1063 4098 1174 4153 contra
1207 4112 1296 4156 suam

157 4198 423 4268 consuetudinem
456 4211 488 4266 et
520 4201 763 4267 fundamentum
787 4200 881 4288 lateri
909 4223 1005 4278 aursus
1028 4209 1089 4282 est,
1121 4201 1297 4279 Baronium

158 4313 334 4399 „memoria
355 4311 548 4395 excidisse,“
573 4314 692 4399 quippe
710 4313 773 4398 qui
780 4310 919 4395 dixerat,
936 4323 1105 4378 sermones
1128 4313 1297 4389 nonnullos

197 4426 348 4501 saisionem,
362 4451 432 4490 Zeno.
1074 4421 1090 4486 Ἰ
1221 4409 1229 4427 ·
