3012 4936
725 251 764 317 hi

152 415 203 483 ad
226 414 397 503 Siagrium
418 412 586 498 loquitur),
609 411 756 498 Siagrius
773 419 831 476 etc.
876 409 1020 476 Joannes
1035 407 1201 472 Diaconos
1223 406 1317 472 unice

152 551 283 596 verum
297 525 424 592 videtur
438 523 531 589 nobis
545 523 663 589 hahere
682 521 840 588 ordinem:
863 521 1060 608 Euprepius,
1082 517 1316 602 Dimidrianus,

154 639 371 728 Simplicius,
394 635 561 719 Proculus,
585 633 793 718 Saturninus,
806 633 965 718 Lucillus,
983 629 1143 714 Oricinus,
1159 631 1247 698 Zeno
1256 640 1315 696 etc.

156 753 239 819 Hic
270 751 350 818 ordo
382 749 423 815 ab
445 747 606 814 ‘omnibus
632 745 862 813 recentioribus
889 744 1051 811 historicis
1078 753 1229 829 acceptus
1258 740 1316 825 est,

162 865 230 950 qui
264 863 305 930 dc
338 863 468 929 Verona
500 860 711 944 scripserunt,
749 857 936 946 praesertim
974 865 1146 942 postquam
1177 857 1317 922 Joarrocs

162 977 399 1058 Mabilloaiaa,
444 972 618 1060 Presbyter
654 995 693 1038 ac
729 970 910 1038 Monachus
943 969 984 1037 Ο.
1012 967 1045 1035 S.
1073 969 1113 1033 B.
1146 993 1163 1035 e
1195 965 1317 1055 Congr.

162 1088 203 1156 S.
229 1087 339 1154 Mauri
369 1085 403 1151 in
431 1086 522 1152 Turn.
538 1085 567 1155 Ir
589 1085 743 1152 Veterum
775 1085 1004 1150 Analectcrum
1035 1081 1184 1148 Lutetiae
1214 1081 1316 1146 Paris.

161 1225 246 1288 pag.
262 1201 325 1268 371
342 1223 390 1288 sq.
441 1199 589 1266 Veronae
606 1197 857 1291 descriptionem
877 1195 979 1290 edidit
1003 1217 1105 1280 ,quae
1126 1192 1316 1282 rhythmicis

163 1313 314 1380 numeris
335 1310 525 1380 inconcinne
547 1309 701 1375 fabricata
719 1318 772 1374 'est
793 1317 946 1396 regnante
972 1305 1058 1394 apud
1079 1305 1315 1393 Langobardos

166 1424 308 1510 Pipino,
332 1420 441 1494 Caroli
463 1422 512 1489 M.
534 1421 616 1504 filio,
640 1443 736 1506 quarn
759 1444 800 1486 ex
814 1419 909 1486 Italia
930 1407 1039 1486 retulit
1053 1419 1224 1486 Ratherius
1238 1419 1315 1484 Ver.

168 1535 238 1623 Ep
271 1558 405 1622 eamque
435 1535 468 1599 in
499 1523 675 1625 Laubiensi
705 1533 904 1620 autographo
938 1531 1056 1618 apponi
1087 1527 1211 1598 curavit
1243 1554 1315 1596 cum

168 1647 404 1735 iconographia
440 1642 509 1734 ejus
546 1644 685 1712 civitatis
721 1643 823 1714 minio
865 1643 1012 1729 depicta“
1055 1646 1145 1730 (pag.
1173 1643 1246 1710 375.
1284 1642 1316 1708 in

168 1757 308 1846 adnot..)
852 1777 858 1790 ·

276 1871 315 1937 ln
329 1871 394 1938 hoc'
405 1879 512 1937 autem
526 1869 661 1936 vetusto
668 1865 921 1955 rhythm'cidem
935 1867 1092 1954 reperitur
1106 1865 1195 1950 ordo,
1219 1889 1315 1952 quem

170 1982 261 2068 apud
281 1983 440 2049 Joannem
462 1982 652 2048 Diaconum
667 1977 825 2046 vidimus:
865 1980 1029 2063 ,Primum
1051 1970 1200 2046 Veronae
1223 2003 1313 2067 prae·
1346 1964 1349 1969 ¹

171 2093 295 2161 dicavit
315 2091 497 2183 Euprepiu's
519 2093 722 2180 Episcopus,
750 2090 912 2158 secundus
933 2091 1171 2177 Dirriidrianus,
1201 2094 1314 2159 tertius

172 2205 375 2294 Simplicius,
395 2205 537 2292 quartus
559 2205 719 2291 proculus
734 2201 924 2288 Confessor,
955 2205 1071 2270 Pastor
1098 2214 1130 2272 et
1156 2207 1314 2292 egregins.

170 2357 213 2370 -
253 2319 395 2402 Quintus
417 2318 479 2384 suit
501 2317 691 2386 Saturninus
714 2326 746 2384 et
768 2326 878 2384 sentus
900 2316 1057 2402 Lucilius,
1080 2317 1235 2404 septimus
1255 2313 1316 2384 luit

173 2425 330 2516 Griciirns
349 2427 475 2497 D‘octhr
496 2440 531 2496 et
550 2430 747 2517 Episcopus,
779 2431 912 2495 octavus
939 2430 1056 2496 Pastor
1081 2424 1113 2496 et
1140 2427 1316 2498 (lonlessor

174 2542 261 2608 Zeno
280 2542 409 2629 Martyr
430 2541 570 2607 inclitus.
592 2581 634 2590 -—
680 2539 746 2622 Qui
765 2540 928 2606 Veronam
950 2540 1166 2627 praedicando
1187 2541 1316 2608 reduxit

174 2652 217 2718 ad
233 2652 461 2738 -Baptismum,
492 2652 623 2718 amalo
651 2651 774 2736 Spiritu
792 2651 929 2718 sanavit
954 2652 1043 2719 Galli
1072 2653 1186 2737 filiam,
1217 2654 1316 2720 boves

174 2788 247 2830 cum
375 2773 559 2853 vergentem
586 2761 714 2830 reduxit
739 2787 758 2828 a
785 2762 916 2851 Pelago.
965 2764 1010 2830 Et
1040 2764 1170 2850 quidem
1198 2766 1315 2834 multos

171 2875 318 2943 liberavit
349 2899 368 2942 a
401 2877 493 2944 hoste
526 2875 677 2964 pestifero
679 2923 784 2941 .....
833 2875 910 2941 Νοιι
941 2899 1025 2962 queo
1056 2877 1157 2943 multa
1186 2895 1315 2946 narrare

171 2988 265 3076 hujus
289 2989 400 3058 Sancti
423 3007 535 3075 opera,
559 3005 641 3076 quae
664 3011 683 3053 a
705 2987 800 3077 S'yria
821 2987 983 3055 veniendo
1002 3012 1104 3076 usque
1126 2989 1159 3056 in
1175 2991 1312 3076 Italiam,

171 3127 242 3188 per
263 3102 369 3200 ipsum
403 3102 604 3188 omnipotens
628 3099 718 3169 Deus
745 3109 796 3167 ost
783 3101 886 3167 tendit
913 3100 1144 3168 mirabilia-
1190 3102 1313 3169 Ofeli-

172 3233 248 3280 cem
268 3222 300 3278 te
321 3213 485 3282 Veronam
516 3213 616 3281 ditata
647 3223 679 3280 st
693 3203 802 3280 inclit
789 3223 836 3298 ta,
872 3213 976 3298 qualis
1009 3237 1064 3282 es.
1076 3214 1315 3282 circumvallata

126 3401 128 3404 ¹
172 3323 360 3392 custodibus
392 3311 618 3409 sanctissimis,
651 3326 725 3411 qui
737 3335 769 3392 te
800 3324 1037 3394 defendantt
1005 3335 1037 3393 et
1063 3337 1247 3415 expugnent
1273 3328 1313 3396 ab

170 3435 263 3504 hoste
297 3435 494 3526 nequissimo
511 3439 587 3526 ⁰¹).“
638 3436 719 3504 Ta'm
749 3437 916 3525 Maffejus,
954 3462 1051 3525 quam
1085 3439 1251 3505 Ballerinii
1282 3450 1315 3506 ct

171 3687 243 3743 mine
259 3686 376 3744 Zenonis
394 3684 521 3756 Martyris
538 3701 669 3763 aspexere
686 3687 786 3760 lucem,
804 3693 835 3744 ut
852 3690 964 3761 egregie
981 3693 1058 3744 notat
1069 3687 1202 3744 Baronius
1219 3685 1248 3744 in'
1259 3690 1313 3747 No-

171 3781 207 3840 tis
224 3781 260 3836 ad
277 3783 386 3854 Martyr.
405 3781 483 3837 Rom.
499 3780 538 3836 ad
556 3782 598 3836 12.
611 3781 677 3852 Apr.
696 3783 748 3844 Hic
765 3784 866 3854 optime
885 3784 1001 3856 colligit,
1020 3785 1090 3840 duos
1107 3783 1230 3840 Zenones
1248 3785 1311 3841 Ver.

171 3875 221 3945 Ep.
239 3875 335 3948 fuisse,
358 3895 413 3935 non
435 3877 541 3944 unumt
570 3877 677 3960 Interea
694 3877 738 3934 hic
756 3879 866 3950 Ughelli
892 3880 966 3936 ordo.
979 3895 995 3936 a
1013 3878 1119 3936 nemine
1137 3879 1192 3934 alio
1209 3883 1252 3936 est
1269 3895 1312 3950 ac·

172 3974 283 4066 ceptus,
296 3971 365 4041 quia
383 3973 470 4028 omnis
488 3971 599 4027 traditio
618 3955 712 4028 contra
729 3989 791 4030 eum
809 3972 882 4030 iacit
994 4001 997 4006 ·

70 4059 72 4062 ’
240 4064 325 4134 ⁶¹)In
351 4067 470 4125 editione
497 4067 655 4124 Sermonum
681 4066 798 4124 Zenonis
824 4069 950 4126 Veronae
969 4070 1036 4128 1586
1060 4074 1088 4126 et
1107 4071 1214 4126 Patavii
1233 4072 1316 4132 1710»

171 4159 252 4216 etiam
270 4175 386 4217 excusus
403 4162 538 4220 invenitur
556 4161 609 4218 hic
619 4161 774 4234 Rhythmus
792 4178 827 4218 er
845 4164 939 4226 codice
952 4157 1001 4220 m's.
1014 4165 1138 4222 coenobii
1151 4165 1312 4222 Ariminiani

170 4254 398 4310 Caelestincrum:
417 4255 561 4312 apamen
553 4271 582 4312 ιιι
600 4257 691 4312 multis
709 4235 825 4314 milen
817 4275 845 4315 ιιι
863 4261 940 4316 textu
956 4259 991 4318 ah
1009 4260 1070 4333 illo,
1092 4277 1173 4332 quern
1190 4261 1311 4318 Mabiilo-

169 4348 231 4406 nius
248 4349 350 4422 edidit;
376 4350 476 4424 legitis
493 4350 591 4410 enim
582 4367 612 4408 ιιι
629 4352 675 4410 cit
694 4351 764 4410 edit.
800 4354 919 4414 Octavus
936 4356 1045 4428 Pastor,
1072 4355 1212 4415 mnisssor
1228 4356 1311 4424 Zeno,
