<?xml version="1.0" encoding="UTF-8"?>
<!DOCTYPE html PUBLIC "-//W3C//DTD XHTML 1.0 Transitional//EN"
    "http://www.w3.org/TR/xhtml1/DTD/xhtml1-transitional.dtd">
<html xmlns="http://www.w3.org/1999/xhtml" xml:lang="en" lang="en">
 <head>
  <title>
</title>
<meta http-equiv="Content-Type" content="text/html;charset=utf-8" />
  <meta name='ocr-system' content='tesseract 3.04.00' />
  <meta name='ocr-capabilities' content='ocr_page ocr_carea ocr_par ocr_line ocrx_word'/>
</head>
<body>
  <div class='ocr_page' id='page_1' title='image "./zenoveronensise00jazdgoog_0076.png"; bbox 0 0 3012 4936; ppageno 0'>
   <div class='ocr_carea' id='block_1_1' title="bbox 172 275 1311 524">
    <p class='ocr_par' dir='ltr' id='par_1_1' title="bbox 172 275 1311 524">
     <span class='ocr_line' id='line_1_1' title="bbox 724 275 762 339; baseline 0 0"><span class='ocrx_word' id='word_1_1' title='bbox 724 275 762 339; x_wconf 79' lang='lat' dir='ltr'><strong>ll</strong></span> 
     </span>
     <span class='ocr_line' id='line_1_2' title="bbox 172 434 1311 524; baseline 0 -23"><span class='ocrx_word' id='word_1_2' title='bbox 172 435 299 524; x_wconf 85' lang='lat' dir='ltr'><strong>Martyr</strong></span> <span class='ocrx_word' id='word_1_3' title='bbox 320 445 455 499; x_wconf 84' lang='lat' dir='ltr'><strong>vocatus</strong></span> <span class='ocrx_word' id='word_1_4' title='bbox 479 442 537 500; x_wconf 88' lang='lat' dir='ltr'><strong>est.</strong></span> <span class='ocrx_word' id='word_1_5' title='bbox 559 445 602 484; x_wconf 69' lang='grc'><strong>’-</strong></span> <span class='ocrx_word' id='word_1_6' title='bbox 646 435 724 499; x_wconf 90' lang='lat' dir='ltr'><strong>Non</strong></span> <span class='ocrx_word' id='word_1_7' title='bbox 747 434 843 500; x_wconf 89' lang='lat' dir='ltr'><strong>debet</strong></span> <span class='ocrx_word' id='word_1_8' title='bbox 865 443 970 502; x_wconf 83' lang='lat' dir='ltr'><strong>autem</strong></span> <span class='ocrx_word' id='word_1_9' title='bbox 994 435 1087 502; x_wconf 92' lang='lat' dir='ltr'><strong>nobis</strong></span> <span class='ocrx_word' id='word_1_10' title='bbox 1101 437 1200 502; x_wconf 85' lang='lat' dir='ltr'><strong>ullam</strong></span> <span class='ocrx_word' id='word_1_11' title='bbox 1217 437 1311 506; x_wconf 88' lang='lat' dir='ltr'><strong>dubi-</strong></span> 
     </span>
    </p>
   </div>
   <div class='ocr_carea' id='block_1_2' title="bbox 49 544 1314 634">
    <p class='ocr_par' dir='ltr' id='par_1_2' title="bbox 49 544 1314 634">
     <span class='ocr_line' id='line_1_3' title="bbox 49 544 1314 634; baseline -0.004 -16"><span class='ocrx_word' id='word_1_12' title='bbox 49 611 52 618; x_wconf 94' lang='lat'><em>.</em></span> <span class='ocrx_word' id='word_1_13' title='bbox 171 547 326 614; x_wconf 82' lang='lat' dir='ltr'><strong>tationem</strong></span> <span class='ocrx_word' id='word_1_14' title='bbox 341 545 493 634; x_wconf 85' lang='lat' dir='ltr'><strong>praebere</strong></span> <span class='ocrx_word' id='word_1_15' title='bbox 509 546 713 613; x_wconf 84' lang='lat' dir='ltr'><strong>vocabulum:</strong></span> <span class='ocrx_word' id='word_1_16' title='bbox 738 544 934 629; x_wconf 84' lang='lat' dir='ltr'><strong>,Confessor</strong></span> <span class='ocrx_word' id='word_1_17' title='bbox 949 545 1103 633; x_wconf 58' lang='lat' dir='ltr'><strong>chrisost</strong></span> <span class='ocrx_word' id='word_1_18' title='bbox 1125 547 1213 634; x_wconf 87' lang='lat' dir='ltr'><strong>quod</strong></span> <span class='ocrx_word' id='word_1_19' title='bbox 1228 548 1314 614; x_wconf 91' lang='lat' dir='ltr'><strong>idem</strong></span> 
     </span>
    </p>
   </div>
   <div class='ocr_carea' id='block_1_3' title="bbox 93 658 1338 4446">
    <p class='ocr_par' dir='ltr' id='par_1_3' title="bbox 169 658 1315 1286">
     <span class='ocr_line' id='line_1_4' title="bbox 172 658 1314 747; baseline 0.002 -23"><span class='ocrx_word' id='word_1_20' title='bbox 172 659 300 725; x_wconf 88' lang='lat' dir='ltr'><strong>videtur</strong></span> <span class='ocrx_word' id='word_1_21' title='bbox 322 658 503 746; x_wconf 71' lang='lat' dir='ltr'><strong>significare</strong></span> <span class='ocrx_word' id='word_1_22' title='bbox 525 667 621 744; x_wconf 81' lang='lat' dir='ltr'><strong>atque</strong></span> <span class='ocrx_word' id='word_1_23' title='bbox 644 669 778 747; x_wconf 87' lang='lat' dir='ltr'><strong>martyr,</strong></span> <span class='ocrx_word' id='word_1_24' title='bbox 805 661 882 745; x_wconf 89' lang='lat' dir='ltr'><strong>quia</strong></span> <span class='ocrx_word' id='word_1_25' title='bbox 905 660 1023 745; x_wconf 89' lang='lat' dir='ltr'><strong>ubique</strong></span> <span class='ocrx_word' id='word_1_26' title='bbox 1046 659 1077 726; x_wconf 90' lang='lat' dir='ltr'><strong>in</strong></span> <span class='ocrx_word' id='word_1_27' title='bbox 1101 661 1314 726; x_wconf 77' lang='lat' dir='ltr'><strong>monumentis</strong></span> 
     </span>
     <span class='ocr_line' id='line_1_5' title="bbox 174 770 1314 860; baseline 0 -24"><span class='ocrx_word' id='word_1_28' title='bbox 174 771 370 837; x_wconf 80' lang='lat' dir='ltr'><strong>Veronensis</strong></span> <span class='ocrx_word' id='word_1_29' title='bbox 386 771 566 855; x_wconf 84' lang='lat' dir='ltr'><strong>Ecclesiae,</strong></span> <span class='ocrx_word' id='word_1_30' title='bbox 589 795 689 856; x_wconf 89' lang='lat' dir='ltr'><strong>quum</strong></span> <span class='ocrx_word' id='word_1_31' title='bbox 712 770 752 837; x_wconf 90' lang='lat' dir='ltr'><strong>de</strong></span> <span class='ocrx_word' id='word_1_32' title='bbox 775 782 1014 860; x_wconf 73' lang='lat' dir='ltr'><strong>veromamyre</strong></span> <span class='ocrx_word' id='word_1_33' title='bbox 1037 795 1142 840; x_wconf 89' lang='lat' dir='ltr'><strong>sermo</strong></span> <span class='ocrx_word' id='word_1_34' title='bbox 1165 773 1314 855; x_wconf 76' lang='lat' dir='ltr'><strong>occurrit,</strong></span> 
     </span>
     <span class='ocr_line' id='line_1_6' title="bbox 174 880 1315 972; baseline 0.003 -25"><span class='ocrx_word' id='word_1_35' title='bbox 174 883 258 950; x_wconf 88' lang='lat' dir='ltr'><strong>idem</strong></span> <span class='ocrx_word' id='word_1_36' title='bbox 282 893 402 972; x_wconf 87' lang='lat' dir='ltr'><strong>martyr</strong></span> <span class='ocrx_word' id='word_1_37' title='bbox 424 880 547 952; x_wconf 81' lang='lat' dir='ltr'><strong>Christi</strong></span> <span class='ocrx_word' id='word_1_38' title='bbox 570 894 625 949; x_wconf 79' lang='lat' dir='ltr'><strong>aut</strong></span> <span class='ocrx_word' id='word_1_39' title='bbox 658 884 788 952; x_wconf 88' lang='lat' dir='ltr'><strong>omnino</strong></span> <span class='ocrx_word' id='word_1_40' title='bbox 820 894 953 972; x_wconf 84' lang='lat' dir='ltr'><strong>martyr</strong></span> <span class='ocrx_word' id='word_1_41' title='bbox 972 893 1119 969; x_wconf 85' lang='lat' dir='ltr'><strong>vocatur,</strong></span> <span class='ocrx_word' id='word_1_42' title='bbox 1151 907 1315 970; x_wconf 76' lang='lat' dir='ltr'><strong>nunquam</strong></span> 
     </span>
     <span class='ocr_line' id='line_1_7' title="bbox 174 981 1315 1084; baseline 0.001 -25"><span class='ocrx_word' id='word_1_43' title='bbox 174 1005 278 1061; x_wconf 86' lang='lat' dir='ltr'><strong>autern</strong></span> <span class='ocrx_word' id='word_1_44' title='bbox 306 981 470 1064; x_wconf 84' lang='lat' dir='ltr'><strong>incitatis</strong></span> <span class='ocrx_word' id='word_1_45' title='bbox 494 998 707 1063; x_wconf 85' lang='lat' dir='ltr'><strong>monumentis</strong></span> <span class='ocrx_word' id='word_1_46' title='bbox 729 1021 823 1063; x_wconf 80' lang='lat' dir='ltr'><strong>verus</strong></span> <span class='ocrx_word' id='word_1_47' title='bbox 845 1005 971 1084; x_wconf 78' lang='lat' dir='ltr'><strong>martyr</strong></span> <span class='ocrx_word' id='word_1_48' title='bbox 991 997 1168 1079; x_wconf 80' lang='lat' dir='ltr'><strong>Confessor</strong></span> <span class='ocrx_word' id='word_1_49' title='bbox 1191 995 1315 1066; x_wconf 77' lang='lat' dir='ltr'><strong>Christi</strong></span> 
     </span>
     <span class='ocr_line' id='line_1_8' title="bbox 172 1103 1315 1195; baseline 0.002 -25"><span class='ocrx_word' id='word_1_50' title='bbox 172 1115 317 1192; x_wconf 80' lang='lat' dir='ltr'><strong>vocatur,</strong></span> <span class='ocrx_word' id='word_1_51' title='bbox 348 1108 438 1193; x_wconf 88' lang='lat' dir='ltr'><strong>quod</strong></span> <span class='ocrx_word' id='word_1_52' title='bbox 469 1108 670 1195; x_wconf 82' lang='lat' dir='ltr'><strong>apertissime</strong></span> <span class='ocrx_word' id='word_1_53' title='bbox 701 1109 916 1193; x_wconf 78' lang='lat' dir='ltr'><strong>demonstrat3</strong></span> <span class='ocrx_word' id='word_1_54' title='bbox 955 1108 1194 1176; x_wconf 80' lang='lat' dir='ltr'><strong>distinctionem</strong></span> <span class='ocrx_word' id='word_1_55' title='bbox 1224 1103 1315 1174; x_wconf 88' lang='lat' dir='ltr'><strong>illam</strong></span> 
     </span>
     <span class='ocr_line' id='line_1_9' title="bbox 169 1217 1091 1286; baseline -0.002 -2"><span class='ocrx_word' id='word_1_56' title='bbox 169 1221 288 1284; x_wconf 83' lang='lat' dir='ltr'><strong>factam</strong></span> <span class='ocrx_word' id='word_1_57' title='bbox 311 1219 419 1286; x_wconf 89' lang='lat' dir='ltr'><strong>fuisse.</strong></span> <span class='ocrx_word' id='word_1_58' title='bbox 900 1217 903 1222; x_wconf 77' lang='grc'><strong>’</strong></span> <span class='ocrx_word' id='word_1_59' title='bbox 1087 1233 1091 1242; x_wconf 93' lang='grc'><strong>’</strong></span> 
     </span>
    </p>

    <p class='ocr_par' dir='ltr' id='par_1_4' title="bbox 168 1329 1338 2316">
     <span class='ocr_line' id='line_1_10' title="bbox 275 1329 1314 1414; baseline 0 -18"><span class='ocrx_word' id='word_1_60' title='bbox 275 1330 364 1396; x_wconf 86' lang='lat' dir='ltr'><strong>Mira</strong></span> <span class='ocrx_word' id='word_1_61' title='bbox 385 1339 417 1395; x_wconf 89' lang='lat' dir='ltr'><strong>et</strong></span> <span class='ocrx_word' id='word_1_62' title='bbox 437 1329 533 1396; x_wconf 85' lang='lat' dir='ltr'><strong>unica</strong></span> <span class='ocrx_word' id='word_1_63' title='bbox 553 1330 689 1396; x_wconf 86' lang='lat' dir='ltr'><strong>fortasse</strong></span> <span class='ocrx_word' id='word_1_64' title='bbox 712 1332 743 1395; x_wconf 92' lang='lat' dir='ltr'><strong>in</strong></span> <span class='ocrx_word' id='word_1_65' title='bbox 776 1331 910 1397; x_wconf 87' lang='lat' dir='ltr'><strong>historia</strong></span> <span class='ocrx_word' id='word_1_66' title='bbox 940 1332 1036 1398; x_wconf 80' lang='lat' dir='ltr'><strong>fuerit</strong></span> <span class='ocrx_word' id='word_1_67' title='bbox 1065 1355 1131 1414; x_wconf 87' lang='lat' dir='ltr'><strong>res,</strong></span> <span class='ocrx_word' id='word_1_68' title='bbox 1163 1341 1199 1396; x_wconf 87' lang='lat' dir='ltr'><strong>ut</strong></span> <span class='ocrx_word' id='word_1_69' title='bbox 1220 1353 1314 1396; x_wconf 88' lang='lat' dir='ltr'><strong>verus</strong></span> 
     </span>
     <span class='ocr_line' id='line_1_11' title="bbox 170 1442 1313 1532; baseline 0 -26"><span class='ocrx_word' id='word_1_70' title='bbox 170 1451 308 1529; x_wconf 81' lang='lat' dir='ltr'><strong>martyr,</strong></span> <span class='ocrx_word' id='word_1_71' title='bbox 335 1445 426 1529; x_wconf 87' lang='lat' dir='ltr'><strong>cujus</strong></span> <span class='ocrx_word' id='word_1_72' title='bbox 452 1442 557 1529; x_wconf 84' lang='lat' dir='ltr'><strong>gloria</strong></span> <span class='ocrx_word' id='word_1_73' title='bbox 577 1450 671 1507; x_wconf 84' lang='lat' dir='ltr'><strong>tanta</strong></span> <span class='ocrx_word' id='word_1_74' title='bbox 692 1443 752 1507; x_wconf 87' lang='lat' dir='ltr'><strong>fuit</strong></span> <span class='ocrx_word' id='word_1_75' title='bbox 773 1443 806 1508; x_wconf 91' lang='lat' dir='ltr'><strong>in</strong></span> <span class='ocrx_word' id='word_1_76' title='bbox 828 1442 921 1526; x_wconf 91' lang='lat' dir='ltr'><strong>urbe,</strong></span> <span class='ocrx_word' id='word_1_77' title='bbox 952 1467 1033 1528; x_wconf 85' lang='lat' dir='ltr'><strong>quae</strong></span> <span class='ocrx_word' id='word_1_78' title='bbox 1056 1443 1117 1530; x_wconf 86' lang='lat' dir='ltr'><strong>sub¹</strong></span> <span class='ocrx_word' id='word_1_79' title='bbox 1139 1446 1207 1532; x_wconf 85' lang='lat' dir='ltr'><strong>ejus</strong></span> <span class='ocrx_word' id='word_1_80' title='bbox 1230 1443 1313 1528; x_wconf 81' lang='lat' dir='ltr'><strong>regi·</strong></span> 
     </span>
     <span class='ocr_line' id='line_1_12' title="bbox 170 1553 1313 1640; baseline -0.001 -21"><span class='ocrx_word' id='word_1_81' title='bbox 170 1555 258 1620; x_wconf 90' lang='lat' dir='ltr'><strong>mine</strong></span> <span class='ocrx_word' id='word_1_82' title='bbox 281 1553 419 1620; x_wconf 84' lang='lat' dir='ltr'><strong>maxime</strong></span> <span class='ocrx_word' id='word_1_83' title='bbox 440 1553 610 1638; x_wconf 88' lang='lat' dir='ltr'><strong>floruerat,</strong></span> <span class='ocrx_word' id='word_1_84' title='bbox 632 1554 780 1620; x_wconf 72' lang='lat' dir='ltr'><strong>inferiori</strong></span> <span class='ocrx_word' id='word_1_85' title='bbox 795 1553 968 1620; x_wconf 81' lang='lat' dir='ltr'><strong>adornatus</strong></span> <span class='ocrx_word' id='word_1_86' title='bbox 991 1555 1033 1620; x_wconf 90' lang='lat' dir='ltr'><strong>sit</strong></span> <span class='ocrx_word' id='word_1_87' title='bbox 1053 1554 1163 1637; x_wconf 91' lang='lat' dir='ltr'><strong>titulo,</strong></span> <span class='ocrx_word' id='word_1_88' title='bbox 1191 1554 1219 1619; x_wconf 90' lang='lat' dir='ltr'><strong>si</strong></span> <span class='ocrx_word' id='word_1_89' title='bbox 1241 1577 1313 1640; x_wconf 85' lang='lat' dir='ltr'><strong>gra-</strong></span> 
     </span>
     <span class='ocr_line' id='line_1_13' title="bbox 168 1665 1322 1754; baseline 0 -23"><span class='ocrx_word' id='word_1_90' title='bbox 168 1668 293 1732; x_wconf 90' lang='lat' dir='ltr'><strong>viorem</strong></span> <span class='ocrx_word' id='word_1_91' title='bbox 315 1665 507 1751; x_wconf 86' lang='lat' dir='ltr'><strong>promeritus</strong></span> <span class='ocrx_word' id='word_1_92' title='bbox 530 1665 638 1750; x_wconf 82' lang='lat' dir='ltr'><strong>suerit,</strong></span> <span class='ocrx_word' id='word_1_93' title='bbox 661 1676 693 1732; x_wconf 91' lang='lat' dir='ltr'><strong>et</strong></span> <span class='ocrx_word' id='word_1_94' title='bbox 715 1668 803 1732; x_wconf 90' lang='lat' dir='ltr'><strong>nullo</strong></span> <span class='ocrx_word' id='word_1_95' title='bbox 825 1666 922 1733; x_wconf 94' lang='lat' dir='ltr'><strong>modo</strong></span> <span class='ocrx_word' id='word_1_96' title='bbox 939 1667 1065 1754; x_wconf 71' lang='lat' dir='ltr'><strong>‹nncipi</strong></span> <span class='ocrx_word' id='word_1_97' title='bbox 1079 1667 1193 1754; x_wconf 86' lang='lat' dir='ltr'><strong>possit,</strong></span> <span class='ocrx_word' id='word_1_98' title='bbox 1217 1691 1322 1751; x_wconf 79' lang='lat' dir='ltr'><strong>quare-</strong></span> 
     </span>
     <span class='ocr_line' id='line_1_14' title="bbox 168 1772 1338 1865; baseline 0 -21"><span class='ocrx_word' id='word_1_99' title='bbox 168 1779 319 1845; x_wconf 84' lang='lat' dir='ltr'><strong>Ecolesia</strong></span> <span class='ocrx_word' id='word_1_100' title='bbox 340 1777 551 1861; x_wconf 87' lang='lat' dir='ltr'><strong>Veronensis,</strong></span> <span class='ocrx_word' id='word_1_101' title='bbox 579 1787 615 1843; x_wconf 87' lang='lat' dir='ltr'><strong>ut</strong></span> <span class='ocrx_word' id='word_1_102' title='bbox 640 1779 799 1863; x_wconf 82' lang='lat' dir='ltr'><strong>permulta</strong></span> <span class='ocrx_word' id='word_1_103' title='bbox 820 1787 977 1845; x_wconf 87' lang='lat' dir='ltr'><strong>testantur</strong></span> <span class='ocrx_word' id='word_1_104' title='bbox 999 1790 1205 1844; x_wconf 89' lang='lat' dir='ltr'><strong>monumenta</strong></span> <span class='ocrx_word' id='word_1_105' title='bbox 1225 1779 1313 1865; x_wconf 85' lang='lat' dir='ltr'><strong>apud</strong></span> <span class='ocrx_word' id='word_1_106' title='bbox 1337 1772 1338 1776; x_wconf 26' lang='lat'>¹</span> 
     </span>
     <span class='ocr_line' id='line_1_15' title="bbox 170 1889 1314 1977; baseline 0 -21"><span class='ocrx_word' id='word_1_107' title='bbox 170 1891 377 1975; x_wconf 85' lang='lat' dir='ltr'><strong>Ballerinios,</strong></span> <span class='ocrx_word' id='word_1_108' title='bbox 404 1900 528 1957; x_wconf 82' lang='lat' dir='ltr'><strong>tantum</strong></span> <span class='ocrx_word' id='word_1_109' title='bbox 551 1890 591 1957; x_wconf 91' lang='lat' dir='ltr'><strong>de</strong></span> <span class='ocrx_word' id='word_1_110' title='bbox 614 1891 742 1957; x_wconf 88' lang='lat' dir='ltr'><strong>Zenone</strong></span> <span class='ocrx_word' id='word_1_111' title='bbox 764 1901 918 1977; x_wconf 85' lang='lat' dir='ltr'><strong>tanquam</strong></span> <span class='ocrx_word' id='word_1_112' title='bbox 941 1889 1135 1960; x_wconf 82' lang='lat' dir='ltr'><strong>Cousessore</strong></span> <span class='ocrx_word' id='word_1_113' title='bbox 1158 1891 1314 1956; x_wconf 87' lang='lat' dir='ltr'><strong>Pontifioe</strong></span> 
     </span>
     <span class='ocr_line' id='line_1_16' title="bbox 170 2001 1312 2091; baseline 0.001 -25"><span class='ocrx_word' id='word_1_114' title='bbox 170 2003 313 2068; x_wconf 88' lang='lat' dir='ltr'><strong>officium</strong></span> <span class='ocrx_word' id='word_1_115' title='bbox 336 2001 369 2066; x_wconf 91' lang='lat' dir='ltr'><strong>in</strong></span> <span class='ocrx_word' id='word_1_116' title='bbox 390 2003 575 2070; x_wconf 80' lang='lat' dir='ltr'><strong>missalibus</strong></span> <span class='ocrx_word' id='word_1_117' title='bbox 598 2014 630 2070; x_wconf 87' lang='lat' dir='ltr'><strong>et</strong></span> <span class='ocrx_word' id='word_1_118' title='bbox 651 2003 817 2069; x_wconf 83' lang='lat' dir='ltr'><strong>breviariis</strong></span> <span class='ocrx_word' id='word_1_119' title='bbox 851 2003 1011 2069; x_wconf 85' lang='lat' dir='ltr'><strong>celebrare</strong></span> <span class='ocrx_word' id='word_1_120' title='bbox 1044 2004 1184 2091; x_wconf 89' lang='lat' dir='ltr'><strong>potuerit</strong></span> <span class='ocrx_word' id='word_1_121' title='bbox 1211 2025 1312 2088; x_wconf 89' lang='lat' dir='ltr'><strong>usque</strong></span> 
     </span>
     <span class='ocr_line' id='line_1_17' title="bbox 170 2112 1313 2202; baseline 0.003 -25"><span class='ocrx_word' id='word_1_122' title='bbox 170 2112 214 2178; x_wconf 86' lang='lat' dir='ltr'><strong>ad</strong></span> <span class='ocrx_word' id='word_1_123' title='bbox 229 2113 423 2201; x_wconf 77' lang='lat' dir='ltr'><strong>hippomeni</strong></span> <span class='ocrx_word' id='word_1_124' title='bbox 444 2124 603 2201; x_wconf 86' lang='lat' dir='ltr'><strong>tempora,</strong></span> <span class='ocrx_word' id='word_1_125' title='bbox 626 2115 656 2180; x_wconf 90' lang='lat' dir='ltr'><strong>si</strong></span> <span class='ocrx_word' id='word_1_126' title='bbox 677 2115 809 2192; x_wconf 83' lang='lat' dir='ltr'><strong>antistes</strong></span> <span class='ocrx_word' id='word_1_127' title='bbox 832 2118 900 2202; x_wconf 89' lang='lat' dir='ltr'><strong>ejus</strong></span> <span class='ocrx_word' id='word_1_128' title='bbox 925 2115 1040 2198; x_wconf 80' lang='lat' dir='ltr'><strong>„Pater</strong></span> <span class='ocrx_word' id='word_1_129' title='bbox 1061 2116 1208 2182; x_wconf 87' lang='lat' dir='ltr'><strong>Patriae“</strong></span> <span class='ocrx_word' id='word_1_130' title='bbox 1232 2139 1313 2182; x_wconf 91' lang='lat' dir='ltr'><strong>nun·</strong></span> 
     </span>
     <span class='ocr_line' id='line_1_18' title="bbox 169 2227 596 2316; baseline 0.002 -25"><span class='ocrx_word' id='word_1_131' title='bbox 169 2236 319 2310; x_wconf 88' lang='lat' dir='ltr'><strong>capatus,</strong></span> <span class='ocrx_word' id='word_1_132' title='bbox 343 2227 471 2316; x_wconf 83' lang='lat' dir='ltr'><strong>Martyr</strong></span> <span class='ocrx_word' id='word_1_133' title='bbox 493 2228 596 2294; x_wconf 83' lang='lat' dir='ltr'><strong>luerit.</strong></span> 
     </span>
    </p>

    <p class='ocr_par' dir='ltr' id='par_1_5' title="bbox 93 2331 1315 4446">
     <span class='ocr_line' id='line_1_19' title="bbox 199 2331 1312 2432; baseline 0.002 -27"><span class='ocrx_word' id='word_1_134' title='bbox 199 2377 204 2386; x_wconf 91' lang='lat'><strong>·</strong></span> <span class='ocrx_word' id='word_1_135' title='bbox 272 2337 346 2424; x_wconf 80' lang='lat' dir='ltr'><strong>Sed</strong></span> <span class='ocrx_word' id='word_1_136' title='bbox 364 2361 428 2404; x_wconf 90' lang='lat' dir='ltr'><strong>non</strong></span> <span class='ocrx_word' id='word_1_137' title='bbox 451 2340 555 2406; x_wconf 91' lang='lat' dir='ltr'><strong>solum</strong></span> <span class='ocrx_word' id='word_1_138' title='bbox 570 2339 718 2408; x_wconf 79' lang='lat' dir='ltr'><strong>Ecclesia</strong></span> <span class='ocrx_word' id='word_1_139' title='bbox 732 2339 930 2407; x_wconf 85' lang='lat' dir='ltr'><strong>Veronensis</strong></span> <span class='ocrx_word' id='word_1_140' title='bbox 952 2331 1115 2407; x_wconf 86' lang='lat' dir='ltr'><strong>Zenonem</strong></span> <span class='ocrx_word' id='word_1_141' title='bbox 1137 2337 1312 2432; x_wconf 78' lang='lat' dir='ltr'><strong>Confesso·</strong></span> 
     </span>
     <span class='ocr_line' id='line_1_20' title="bbox 169 2452 1314 2540; baseline 0.003 -25"><span class='ocrx_word' id='word_1_142' title='bbox 169 2475 240 2516; x_wconf 89' lang='lat' dir='ltr'><strong>rem</strong></span> <span class='ocrx_word' id='word_1_143' title='bbox 260 2461 384 2516; x_wconf 89' lang='lat' dir='ltr'><strong>tantum</strong></span> <span class='ocrx_word' id='word_1_144' title='bbox 406 2454 556 2535; x_wconf 87' lang='lat' dir='ltr'><strong>vocabat,</strong></span> <span class='ocrx_word' id='word_1_145' title='bbox 579 2453 642 2517; x_wconf 87' lang='lat' dir='ltr'><strong>alia</strong></span> <span class='ocrx_word' id='word_1_146' title='bbox 664 2463 826 2540; x_wconf 81' lang='lat' dir='ltr'><strong>praeterea</strong></span> <span class='ocrx_word' id='word_1_147' title='bbox 848 2462 984 2538; x_wconf 87' lang='lat' dir='ltr'><strong>possunt</strong></span> <span class='ocrx_word' id='word_1_148' title='bbox 1005 2452 1110 2519; x_wconf 86' lang='lat' dir='ltr'><strong>afferri</strong></span> <span class='ocrx_word' id='word_1_149' title='bbox 1131 2453 1314 2518; x_wconf 88' lang='lat' dir='ltr'><strong>testimonia</strong></span> 
     </span>
     <span class='ocr_line' id='line_1_21' title="bbox 170 2541 1313 2652; baseline 0.002 -26"><span class='ocrx_word' id='word_1_150' title='bbox 170 2585 212 2636; x_wconf 78' lang='lat' dir='ltr'><strong>ex</strong></span> <span class='ocrx_word' id='word_1_151' title='bbox 234 2561 370 2626; x_wconf 88' lang='lat' dir='ltr'><strong>aliarum</strong></span> <span class='ocrx_word' id='word_1_152' title='bbox 393 2563 600 2629; x_wconf 89' lang='lat' dir='ltr'><strong>ecclesiarum</strong></span> <span class='ocrx_word' id='word_1_153' title='bbox 628 2566 765 2652; x_wconf 28' lang='lat' dir='ltr'><strong>officiis..</strong></span> <span class='ocrx_word' id='word_1_154' title='bbox 782 2563 836 2630; x_wconf 73' lang='lat' dir='ltr'><strong>&#39;In</strong></span> <span class='ocrx_word' id='word_1_155' title='bbox 858 2541 982 2630; x_wconf 89' lang='lat' dir='ltr'><strong>missali</strong></span> <span class='ocrx_word' id='word_1_156' title='bbox 1003 2563 1219 2650; x_wconf 84' lang='lat' dir='ltr'><strong>Ambrosiano</strong></span> <span class='ocrx_word' id='word_1_157' title='bbox 1242 2564 1313 2630; x_wconf 90' lang='lat' dir='ltr'><strong>ubi-</strong></span> 
     </span>
     <span class='ocr_line' id='line_1_22' title="bbox 170 2667 1315 2762; baseline 0.003 -24"><span class='ocrx_word' id='word_1_158' title='bbox 170 2697 236 2758; x_wconf 91' lang='lat' dir='ltr'><strong>que</strong></span> <span class='ocrx_word' id='word_1_159' title='bbox 259 2674 346 2739; x_wconf 89' lang='lat' dir='ltr'><strong>Zeno</strong></span> <span class='ocrx_word' id='word_1_160' title='bbox 369 2673 546 2742; x_wconf 82' lang='lat' dir='ltr'><strong>Gonfessor</strong></span> <span class='ocrx_word' id='word_1_161' title='bbox 566 2685 708 2741; x_wconf 82' lang='lat' dir='ltr'><strong>vocatur.</strong></span> <span class='ocrx_word' id='word_1_162' title='bbox 750 2675 845 2745; x_wconf 62' lang='lat' dir='ltr'><strong>,Idem</strong></span> <span class='ocrx_word' id='word_1_163' title='bbox 866 2677 900 2741; x_wconf 92' lang='lat' dir='ltr'><strong>in</strong></span> <span class='ocrx_word' id='word_1_164' title='bbox 922 2667 1018 2762; x_wconf 81' lang='lat' dir='ltr'><strong>opere</strong></span> <span class='ocrx_word' id='word_1_165' title='bbox 1040 2678 1155 2742; x_wconf 80' lang='lat' dir='ltr'><strong>Joeobi</strong></span> <span class='ocrx_word' id='word_1_166' title='bbox 1176 2678 1315 2742; x_wconf 81' lang='lat' dir='ltr'><strong>Pomelii</strong></span> 
     </span>
     <span class='ocr_line' id='line_1_23' title="bbox 169 2775 1314 2882; baseline 0.005 -32"><span class='ocrx_word' id='word_1_167' title='bbox 169 2785 363 2871; x_wconf 84' lang='lat' dir='ltr'><strong>Lithurgioo</strong></span> <span class='ocrx_word' id='word_1_168' title='bbox 377 2786 496 2852; x_wconf 84' lang='lat' dir='ltr'><strong>Latino</strong></span> <span class='ocrx_word' id='word_1_169' title='bbox 507 2787 579 2853; x_wconf 84' lang='lat' dir='ltr'><strong>si&#39;ve</strong></span> <span class='ocrx_word' id='word_1_170' title='bbox 595 2788 723 2853; x_wconf 87' lang='lat' dir='ltr'><strong>Missali</strong></span> <span class='ocrx_word' id='word_1_171' title='bbox 739 2787 798 2882; x_wconf 79' lang='lat' dir='ltr'><strong>SS.</strong></span> <span class='ocrx_word' id='word_1_172' title='bbox 814 2775 946 2854; x_wconf 80' lang='lat' dir='ltr'><strong>Petrum</strong></span> <span class='ocrx_word' id='word_1_173' title='bbox 961 2788 1150 2853; x_wconf 85' lang='lat' dir='ltr'><strong>Latinorum</strong></span> <span class='ocrx_word' id='word_1_174' title='bbox 1166 2811 1238 2875; x_wconf 81' lang='lat' dir='ltr'><strong>pag.</strong></span> <span class='ocrx_word' id='word_1_175' title='bbox 1249 2790 1314 2856; x_wconf 86' lang='lat'><strong>438</strong></span> 
     </span>
     <span class='ocr_line' id='line_1_24' title="bbox 167 2895 1313 2988; baseline 0.003 -26"><span class='ocrx_word' id='word_1_176' title='bbox 167 2897 308 2985; x_wconf 85' lang='lat' dir='ltr'><strong>legitur:¹</strong></span> <span class='ocrx_word' id='word_1_177' title='bbox 348 2898 386 2963; x_wconf 90' lang='lat' dir='ltr'><strong>In</strong></span> <span class='ocrx_word' id='word_1_178' title='bbox 413 2899 511 2966; x_wconf 82' lang='lat' dir='ltr'><strong>Festo</strong></span> <span class='ocrx_word' id='word_1_179' title='bbox 538 2899 571 2968; x_wconf 90' lang='lat' dir='ltr'><strong>S.</strong></span> <span class='ocrx_word' id='word_1_180' title='bbox 599 2900 737 2967; x_wconf 85' lang='lat' dir='ltr'><strong>Zenonis</strong></span> <span class='ocrx_word' id='word_1_181' title='bbox 764 2895 977 2988; x_wconf 73' lang='lat' dir='ltr'><strong>Episcopi&#39;s</strong></span> <span class='ocrx_word' id='word_1_182' title='bbox 1000 2901 1171 2968; x_wconf 78' lang='lat' dir='ltr'><strong>Decembr.</strong></span> <span class='ocrx_word' id='word_1_183' title='bbox 1199 2901 1313 2967; x_wconf 79' lang='lat' dir='ltr'><strong>Oratio</strong></span> 
     </span>
     <span class='ocr_line' id='line_1_25' title="bbox 168 3005 1313 3101; baseline 0.003 -25"><span class='ocrx_word' id='word_1_184' title='bbox 168 3033 268 3096; x_wconf 89' lang='lat' dir='ltr'><strong>super</strong></span> <span class='ocrx_word' id='word_1_185' title='bbox 290 3011 444 3099; x_wconf 90' lang='lat' dir='ltr'><strong>populum</strong></span> <span class='ocrx_word' id='word_1_186' title='bbox 455 3035 469 3082; x_wconf 76' lang='grc' dir='ltr'><strong>ε,</strong></span> <span class='ocrx_word' id='word_1_187' title='bbox 484 3010 718 3097; x_wconf 81' lang='lat' dir='ltr'><strong>,Omnipotens</strong></span> <span class='ocrx_word' id='word_1_188' title='bbox 741 3015 933 3101; x_wconf 85' lang='lat' dir='ltr'><strong>sempiterne</strong></span> <span class='ocrx_word' id='word_1_189' title='bbox 955 3005 1063 3096; x_wconf 79' lang='lat' dir='ltr'><strong>Deus,</strong></span> <span class='ocrx_word' id='word_1_190' title='bbox 1086 3014 1143 3098; x_wconf 90' lang='lat' dir='ltr'><strong>qui</strong></span> <span class='ocrx_word' id='word_1_191' title='bbox 1157 3014 1196 3078; x_wconf 92' lang='grc' dir='ltr'><strong>Β.</strong></span> <span class='ocrx_word' id='word_1_192' title='bbox 1209 3013 1313 3080; x_wconf 90' lang='lat' dir='ltr'><strong>Zeno-</strong></span> 
     </span>
     <span class='ocr_line' id='line_1_26' title="bbox 168 3117 1313 3206; baseline 0 -18"><span class='ocrx_word' id='word_1_193' title='bbox 168 3147 254 3206; x_wconf 33' lang='lat' dir='ltr'><strong>nem·</strong></span> <span class='ocrx_word' id='word_1_194' title='bbox 267 3117 494 3190; x_wconf 76' lang='lat' dir='ltr'><strong>Confessorem</strong></span> <span class='ocrx_word' id='word_1_195' title='bbox 521 3126 878 3192; x_wconf 88' lang='lat' dir='ltr'><strong>tuum·Poutifiealibus</strong></span> <span class='ocrx_word' id='word_1_196' title='bbox 910 3125 1035 3190; x_wconf 81' lang='lat' dir='ltr'><strong>infulis·</strong></span> <span class='ocrx_word' id='word_1_197' title='bbox 1051 3123 1229 3192; x_wconf 85' lang='lat' dir='ltr'><strong>decorasti“</strong></span> <span class='ocrx_word' id='word_1_198' title='bbox 1253 3134 1313 3192; x_wconf 89' lang='lat' dir='ltr'><strong>etc.</strong></span> 
     </span>
     <span class='ocr_line' id='line_1_27' title="bbox 93 3222 1312 3323; baseline 0.005 -24"><span class='ocrx_word' id='word_1_199' title='bbox 93 3284 96 3289; x_wconf 82' lang='lat'>.</span> <span class='ocrx_word' id='word_1_200' title='bbox 164 3222 264 3300; x_wconf 39' lang='lat' dir='ltr'><strong>&#39;idem</strong></span> <span class='ocrx_word' id='word_1_201' title='bbox 284 3233 317 3297; x_wconf 92' lang='lat' dir='ltr'><strong>iu</strong></span> <span class='ocrx_word' id='word_1_202' title='bbox 332 3234 393 3299; x_wconf 90' lang='lat'>111.</span> <span class='ocrx_word' id='word_1_203' title='bbox 409 3235 516 3302; x_wconf 81' lang='lat' dir='ltr'><strong>Orat:</strong></span> <span class='ocrx_word' id='word_1_204' title='bbox 538 3237 578 3301; x_wconf 89' lang='lat' dir='ltr'><strong>In</strong></span> <span class='ocrx_word' id='word_1_205' title='bbox 593 3237 795 3303; x_wconf 87' lang='lat' dir='ltr'><strong>Praefatione</strong></span> <span class='ocrx_word' id='word_1_206' title='bbox 817 3235 1032 3323; x_wconf 87' lang='lat' dir='ltr'><strong>praedicatur:</strong></span> <span class='ocrx_word' id='word_1_207' title='bbox 1056 3237 1195 3303; x_wconf 86' lang='lat' dir='ltr'><strong>Aeterne</strong></span> <span class='ocrx_word' id='word_1_208' title='bbox 1210 3238 1312 3322; x_wconf 86' lang='lat' dir='ltr'><strong>Deus,</strong></span> 
     </span>
     <span class='ocr_line' id='line_1_28' title="bbox 168 3341 1312 3443; baseline 0.003 -31"><span class='ocrx_word' id='word_1_209' title='bbox 168 3347 208 3412; x_wconf 93' lang='lat' dir='ltr'><strong>B.</strong></span> <span class='ocrx_word' id='word_1_210' title='bbox 233 3344 402 3410; x_wconf 89' lang='lat' dir='ltr'><strong>Pontificis</strong></span> <span class='ocrx_word' id='word_1_211' title='bbox 434 3355 467 3409; x_wconf 89' lang='lat' dir='ltr'><strong>et</strong></span> <span class='ocrx_word' id='word_1_212' title='bbox 490 3344 703 3413; x_wconf 81' lang='lat' dir='ltr'><strong>&#39;Confessoris</strong></span> <span class='ocrx_word' id='word_1_213' title='bbox 734 3349 781 3413; x_wconf 89' lang='lat' dir='ltr'><strong>tui</strong></span> <span class='ocrx_word' id='word_1_214' title='bbox 813 3348 951 3414; x_wconf 87' lang='lat' dir='ltr'><strong>Zenonis</strong></span> <span class='ocrx_word' id='word_1_215' title='bbox 983 3341 1096 3415; x_wconf 85' lang='lat' dir='ltr'><strong>merita</strong></span> <span class='ocrx_word' id='word_1_216' title='bbox 1126 3350 1312 3443; x_wconf 86' lang='lat' dir='ltr'><strong>recolentes,</strong></span> 
     </span>
     <span class='ocr_line' id='line_1_29' title="bbox 168 3456 1314 3544; baseline 0 -20"><span class='ocrx_word' id='word_1_217' title='bbox 168 3481 268 3544; x_wconf 90' lang='lat' dir='ltr'><strong>quem</strong></span> <span class='ocrx_word' id='word_1_218' title='bbox 296 3465 352 3520; x_wconf 90' lang='lat' dir='ltr'><strong>tua</strong></span> <span class='ocrx_word' id='word_1_219' title='bbox 378 3456 517 3542; x_wconf 80' lang='lat' dir='ltr'><strong>benigna</strong></span> <span class='ocrx_word' id='word_1_220' title='bbox 542 3460 711 3544; x_wconf 80' lang='lat' dir='ltr'><strong>gratuitate</strong></span> <span class='ocrx_word' id='word_1_221' title='bbox 737 3461 782 3525; x_wconf 89' lang='lat' dir='ltr'><strong>ita</strong></span> <span class='ocrx_word' id='word_1_222' title='bbox 803 3461 1012 3528; x_wconf 83' lang='lat' dir='ltr'><strong>Pontificatus</strong></span> <span class='ocrx_word' id='word_1_223' title='bbox 1036 3461 1155 3528; x_wconf 88' lang='lat' dir='ltr'><strong>Officio</strong></span> <span class='ocrx_word' id='word_1_224' title='bbox 1182 3462 1215 3525; x_wconf 93' lang='lat' dir='ltr'><strong>in</strong></span> <span class='ocrx_word' id='word_1_225' title='bbox 1236 3461 1314 3528; x_wconf 86' lang='lat' dir='ltr'><strong>fidei</strong></span> 
     </span>
     <span class='ocr_line' id='line_1_30' title="bbox 170 3549 1311 3656; baseline 0.004 -22"><span class='ocrx_word' id='word_1_226' title='bbox 170 3593 302 3635; x_wconf 89' lang='lat' dir='ltr'><strong>munere</strong></span> <span class='ocrx_word' id='word_1_227' title='bbox 325 3567 498 3634; x_wconf 87' lang='lat' dir='ltr'><strong>sublimare</strong></span> <span class='ocrx_word' id='word_1_228' title='bbox 520 3568 671 3656; x_wconf 79' lang='lat' dir='ltr'><strong>dignatus</strong></span> <span class='ocrx_word' id='word_1_229' title='bbox 694 3595 739 3654; x_wconf 91' lang='lat' dir='ltr'><strong>es,</strong></span> <span class='ocrx_word' id='word_1_230' title='bbox 762 3582 798 3637; x_wconf 89' lang='lat' dir='ltr'><strong>ut</strong></span> <span class='ocrx_word' id='word_1_231' title='bbox 820 3583 852 3638; x_wconf 90' lang='lat' dir='ltr'><strong>et</strong></span> <span class='ocrx_word' id='word_1_232' title='bbox 873 3573 1038 3640; x_wconf 87' lang='lat' dir='ltr'><strong>immensis</strong></span> <span class='ocrx_word' id='word_1_233' title='bbox 1054 3572 1225 3638; x_wconf 81' lang='lat' dir='ltr'><strong>virtutibus</strong></span> <span class='ocrx_word' id='word_1_234' title='bbox 1242 3549 1311 3638; x_wconf 72' lang='lat' dir='ltr'><strong>cor-</strong></span> 
     </span>
     <span class='ocr_line' id='line_1_31' title="bbox 170 3671 1314 3752; baseline 0.005 -8"><span class='ocrx_word' id='word_1_235' title='bbox 170 3691 281 3747; x_wconf 88' lang='lat' dir='ltr'><strong>ruscat</strong></span> <span class='ocrx_word' id='word_1_236' title='bbox 302 3689 334 3747; x_wconf 89' lang='lat' dir='ltr'><strong>et</strong></span> <span class='ocrx_word' id='word_1_237' title='bbox 356 3689 485 3747; x_wconf 86' lang='lat' dir='ltr'><strong>sanctae</strong></span> <span class='ocrx_word' id='word_1_238' title='bbox 507 3671 694 3750; x_wconf 85' lang='lat' dir='ltr'><strong>humilitatis</strong></span> <span class='ocrx_word' id='word_1_239' title='bbox 718 3683 864 3752; x_wconf 85' lang='lat' dir='ltr'><strong>officium</strong></span> <span class='ocrx_word' id='word_1_240' title='bbox 882 3684 1139 3752; x_wconf 80' lang='lat' dir='ltr'><strong>nondesereret.</strong></span> <span class='ocrx_word' id='word_1_241' title='bbox 1172 3685 1314 3750; x_wconf 63' lang='lat' dir='ltr'><strong>Norunt</strong></span> 
     </span>
     <span class='ocr_line' id='line_1_32' title="bbox 172 3789 1312 3883; baseline 0.005 -26"><span class='ocrx_word' id='word_1_242' title='bbox 172 3791 290 3857; x_wconf 83' lang='lat' dir='ltr'><strong>Geloni</strong></span> <span class='ocrx_word' id='word_1_243' title='bbox 319 3789 479 3879; x_wconf 89' lang='lat' dir='ltr'><strong>Principis</strong></span> <span class='ocrx_word' id='word_1_244' title='bbox 516 3792 615 3857; x_wconf 86' lang='lat' dir='ltr'><strong>filiam</strong></span> <span class='ocrx_word' id='word_1_245' title='bbox 647 3818 666 3860; x_wconf 88' lang='lat' dir='ltr'><strong>a</strong></span> <span class='ocrx_word' id='word_1_246' title='bbox 695 3807 853 3883; x_wconf 88' lang='lat' dir='ltr'><strong>potestate</strong></span> <span class='ocrx_word' id='word_1_247' title='bbox 887 3796 1052 3864; x_wconf 71' lang='lat' dir='ltr'><strong>daemonis</strong></span> <span class='ocrx_word' id='word_1_248' title='bbox 1085 3797 1242 3863; x_wconf 87' lang='lat' dir='ltr'><strong>liberavit.</strong></span> <span class='ocrx_word' id='word_1_249' title='bbox 1271 3834 1312 3846; x_wconf 84' lang='lat'><strong>--</strong></span> 
     </span>
     <span class='ocr_line' id='line_1_33' title="bbox 171 3901 1312 3991; baseline 0.006 -24"><span class='ocrx_word' id='word_1_250' title='bbox 171 3901 265 3968; x_wconf 90' lang='lat' dir='ltr'><strong>Idem</strong></span> <span class='ocrx_word' id='word_1_251' title='bbox 286 3905 403 3991; x_wconf 81' lang='lat' dir='ltr'><strong>legitur</strong></span> <span class='ocrx_word' id='word_1_252' title='bbox 424 3905 458 3970; x_wconf 92' lang='lat' dir='ltr'><strong>in</strong></span> <span class='ocrx_word' id='word_1_253' title='bbox 472 3904 773 3975; x_wconf 77' lang='lat' dir='ltr'><strong>Missali‘an.1522</strong></span> <span class='ocrx_word' id='word_1_254' title='bbox 796 3920 828 3974; x_wconf 86' lang='lat' dir='ltr'><strong>et</strong></span> <span class='ocrx_word' id='word_1_255' title='bbox 851 3911 936 3977; x_wconf 75' lang='lat'>1560</span> <span class='ocrx_word' id='word_1_256' title='bbox 958 3909 1062 3976; x_wconf 89' lang='lat' dir='ltr'><strong>edito:</strong></span> <span class='ocrx_word' id='word_1_257' title='bbox 1084 3907 1312 3974; x_wconf 86' lang='lat' dir='ltr'><strong>idem&#39;inBre-</strong></span> 
     </span>
     <span class='ocr_line' id='line_1_34' title="bbox 170 4013 1311 4106; baseline 0.006 -25"><span class='ocrx_word' id='word_1_258' title='bbox 170 4015 272 4081; x_wconf 86' lang='lat' dir='ltr'><strong>viario</strong></span> <span class='ocrx_word' id='word_1_259' title='bbox 288 4017 502 4084; x_wconf 87' lang='lat' dir='ltr'><strong>Ambrosiano</strong></span> <span class='ocrx_word' id='word_1_260' title='bbox 527 4013 610 4086; x_wconf 84' lang='lat'>1539</span> <span class='ocrx_word' id='word_1_261' title='bbox 632 4019 730 4106; x_wconf 89' lang='lat' dir='ltr'><strong>prelis</strong></span> <span class='ocrx_word' id='word_1_262' title='bbox 753 4020 978 4088; x_wconf 84' lang='lat' dir='ltr'><strong>mandato.&#39;-</strong></span> <span class='ocrx_word' id='word_1_263' title='bbox 1024 4022 1193 4087; x_wconf 87' lang='lat' dir='ltr'><strong>Praeterea</strong></span> <span class='ocrx_word' id='word_1_264' title='bbox 1213 4031 1311 4088; x_wconf 73' lang='lat' dir='ltr'><strong>testa</strong></span> 
     </span>
     <span class='ocr_line' id='line_1_35' title="bbox 170 4127 1312 4228; baseline 0.007 -36"><span class='ocrx_word' id='word_1_265' title='bbox 170 4136 223 4193; x_wconf 89' lang='lat' dir='ltr'><strong>tur</strong></span> <span class='ocrx_word' id='word_1_266' title='bbox 245 4127 470 4196; x_wconf 86' lang='lat' dir='ltr'><strong>Hensohenius</strong></span> <span class='ocrx_word' id='word_1_267' title='bbox 493 4131 526 4196; x_wconf 90' lang='lat' dir='ltr'><strong>in</strong></span> <span class='ocrx_word' id='word_1_268' title='bbox 547 4131 853 4228; x_wconf 83' lang='lat' dir='ltr'><strong>Actis-Sanctorum</strong></span> <span class='ocrx_word' id='word_1_269' title='bbox 876 4133 928 4198; x_wconf 88' lang='lat' dir='ltr'><strong>cit.</strong></span> <span class='ocrx_word' id='word_1_270' title='bbox 942 4131 1028 4198; x_wconf 80' lang='lat' dir='ltr'><strong>&#39;edit</strong></span> <span class='ocrx_word' id='word_1_271' title='bbox 1043 4133 1135 4198; x_wconf 84' lang='lat' dir='ltr'><strong>Tom.</strong></span> <span class='ocrx_word' id='word_1_272' title='bbox 1151 4133 1195 4198; x_wconf 89' lang='lat' dir='ltr'><strong>H.</strong></span> <span class='ocrx_word' id='word_1_273' title='bbox 1212 4135 1248 4200; x_wconf 84' lang='lat' dir='ltr'><strong>in</strong></span> <span class='ocrx_word' id='word_1_274' title='bbox 1260 4132 1312 4200; x_wconf 84' lang='lat' dir='ltr'><strong>die</strong></span> 
     </span>
     <span class='ocr_line' id='line_1_36' title="bbox 173 4240 1311 4331; baseline 0.002 -23"><span class='ocrx_word' id='word_1_275' title='bbox 173 4244 223 4308; x_wconf 78' lang='lat'><strong>12.</strong></span> <span class='ocrx_word' id='word_1_276' title='bbox 239 4240 363 4327; x_wconf 89' lang='lat' dir='ltr'><strong>Aprilis</strong></span> <span class='ocrx_word' id='word_1_277' title='bbox 381 4240 617 4330; x_wconf 86' lang='lat' dir='ltr'><strong>Martyrologio</strong></span> <span class='ocrx_word' id='word_1_278' title='bbox 639 4268 699 4311; x_wconf 90' lang='lat' dir='ltr'><strong>ms.</strong></span> <span class='ocrx_word' id='word_1_279' title='bbox 722 4244 895 4331; x_wconf 83' lang='lat' dir='ltr'><strong>Pragensis</strong></span> <span class='ocrx_word' id='word_1_280' title='bbox 918 4245 1084 4312; x_wconf 82' lang='lat' dir='ltr'><strong>Ecclesiae</strong></span> <span class='ocrx_word' id='word_1_281' title='bbox 1107 4244 1311 4313; x_wconf 83' lang='lat' dir='ltr'><strong>Oathedralis</strong></span> 
     </span>
     <span class='ocr_line' id='line_1_37' title="bbox 171 4351 1310 4446; baseline -0.003 -23"><span class='ocrx_word' id='word_1_282' title='bbox 171 4351 399 4423; x_wconf 79' lang='lat' dir='ltr'><strong>Confessorem</strong></span> <span class='ocrx_word' id='word_1_283' title='bbox 422 4355 530 4420; x_wconf 82' lang='lat' dir='ltr'><strong>vocari</strong></span> <span class='ocrx_word' id='word_1_284' title='bbox 552 4355 733 4442; x_wconf 88' lang='lat' dir='ltr'><strong>Zenonem,</strong></span> <span class='ocrx_word' id='word_1_285' title='bbox 756 4357 841 4424; x_wconf 83' lang='lat' dir='ltr'><strong>idem</strong></span> <span class='ocrx_word' id='word_1_286' title='bbox 864 4359 897 4424; x_wconf 90' lang='lat' dir='ltr'><strong>in</strong></span> <span class='ocrx_word' id='word_1_287' title='bbox 919 4358 1155 4446; x_wconf 79' lang='lat' dir='ltr'><strong>Martyrologio</strong></span> <span class='ocrx_word' id='word_1_288' title='bbox 1177 4357 1310 4423; x_wconf 84' lang='lat' dir='ltr'><strong>Floren-</strong></span> 
     </span>
    </p>
   </div>
   <div class='ocr_carea' id='block_1_4' title="bbox 0 0 1511 4936">
    <p class='ocr_par' dir='ltr' id='par_1_6' title="bbox 0 0 1511 4936">
     <span class='ocr_line' id='line_1_38' title="bbox 0 0 1511 4936; baseline 0 0"><span class='ocrx_word' id='word_1_289' title='bbox 0 0 1511 4936; x_wconf 95' lang='lat' dir='ltr'><strong> </strong></span> 
     </span>
    </p>
   </div>
  </div>
 </body>
</html>
