3012 4936
695 240 730 304 13

141 403 282 472 Gallieni
310 398 477 488 cujusdam
500 398 674 484 Principis,
708 401 799 484 cujus
830 391 928 462 filiam
961 396 1092 488 antistes
1125 391 1234 460 noster
1260 416 1279 456 a

140 514 309 582 daemonio
340 512 543 592 liberaverat,
567 551 608 558 -
642 510 792 594 stetitque
815 509 894 574 haec
916 507 1064 589 ecclesia,
1098 516 1135 570 ut
1156 507 1279 570 Paulus

142 632 305 694 Diaconos
320 635 433 689 narrat
449 622 537 707 (Lib.
547 622 609 686 ΠΙ.
626 620 665 687 de
677 621 787 687 Gestis
797 619 1086 707 Longoberdorum
1102 642 1170 703 cap.
1181 615 1278 702 23.)*

141 748 232 804 extra
253 758 361 800 muros
385 735 471 800 urbis
487 745 519 799 et
533 735 594 799 fuit
608 743 720 820 postea
736 734 788 815 „in
805 733 962 797 oratorio“
978 739 1100 798 vocata.
1144 728 1278 812 Pipinus
1352 736 1356 750 “

141 849 253 914 Italiae
285 871 355 929 rex,
389 847 473 911 filius
508 843 618 914 Caroli
644 846 760 931 Magni
791 854 822 910 et
855 843 1050 926 Rothaldus,
1084 839 1279 908 Veronensis

142 960 323 1046 Episcopus
347 981 430 1022 nono
453 958 595 1043 saeculo,
623 957 830 1043 magnificum
856 955 1011 1042 templum
1033 953 1281 1020 aedificaverunt
1349 961 1355 974 '

142 1073 174 1136 in
202 1071 354 1136 honorem
376 1069 529 1151 Zenonis,
558 1069 608 1134 cui
635 1069 782 1154 apposita
814 1077 881 1132 erat
909 1067 1056 1150 „abbatia
1084 1066 1117 1134 S.
1141 1064 1279 1129 Zenonis

140 1183 276 1270 Majoris
304 1181 344 1247 Θ.
369 1181 402 1248 S.
425 1182 485 1245 B.“
504 1181 563 1266 ⁹⁵),
604 1184 694 1266 cujus
721 1180 834 1245 Abbas
864 1179 1001 1245 habebat
1024 1176 1280 1266 jurisdictionem

141 1296 181 1360 ab
205 1293 379 1362 Ordinario
402 1302 592 1377 separatum.
636 1293 675 1356 In
698 1291 758 1363 hec
780 1291 914 1358 basilica
938 1314 1073 1377 corpora
1095 1287 1153 1356 SS.
1176 1287 1279 1352 Zeno-

142 1408 206 1487 nis,
245 1403 479 1484 Crescentiani,
516 1401 634 1466 Lucilli
668 1414 700 1466 et
730 1403 880 1487 Lapicini
913 1403 1060 1467 ultimum
1094 1401 1282 1464 invenerunt

143 1516 334 1602 quietorium
352 1515 408 1600 ⁹⁶),
431 1514 464 1578 in
479 1537 517 1578 ea
539 1511 679 1598 quidem,
704 1514 750 1578 uti
771 1516 856 1579 fama
878 1524 1028 1580 constans
1052 1521 1110 1595 est,
1133 1511 1280 1597 Pipinus,

143 1627 295 1693 ecclesiae
311 1624 459 1691 conditor
473 1625 616 1711 sepultus
633 1634 683 1691 est
695 1627 751 1711 ²⁷).
781 1625 949 1712 Optimum
964 1623 1129 1706 indicium,
1145 1632 1280 1708 quanto-

141 1757 219 1826 pore
242 1736 395 1804 memoria
417 1735 555 1801 Zenonis
579 1737 746 1802 aestimata
773 1738 816 1802 sit
838 1739 999 1820 Veronae,
1026 1745 1170 1821 tempore
1192 1735 1280 1798 inva-

142 1852 241 1918 sionis
257 1851 487 1939 Hungarorum
502 1848 705 1914 Veronenses
729 1848 1036 1918 demonstraverunt.
1071 1847 1181 1930 Quum
1197 1847 1279 1912 enim
1335 1834 1337 1840 ¹

142 1963 370 2048 Hungarorum
393 1983 471 2047 gens
493 1961 655 2026 Veronam
678 1962 850 2028 invasisset
866 1961 929 2047 ²⁸),
953 1959 1155 2026 Veronenses
1179 1957 1279 2022 omni-

142 2074 203 2138 bus
226 2073 414 2158 magnificae
437 2074 587 2138 basilicae
610 2073 730 2149 divitiis
753 2073 928 2156 derelictis,
952 2072 992 2138 de
1009 2094 1140 2158 corpore
1156 2077 1300 2134 tantum

142 2183 280 2282 Zenonis
313 2183 541 2258 abscondendo
572 2185 767 2274 cogitabant.
813 2185 912 2268 Quod
944 2195 1050 2250 autem
1083 2207 1157 2249 ossa
1186 2183 1280 2268 hujus

211 2442 237 2510 ²¹²)
255 2441 339 2508 Apud
365 2440 478 2496 Ludoe.
507 2439 676 2498 Maratori:
711 2441 863 2510 Scriptores
885 2441 986 2496 Rerum
1009 2440 1162 2494 italicarum
1186 2439 1220 2520 ab
1238 2455 1280 2492 an.
1338 2440 1341 2446 ’

142 2536 314 2589 eoo-1500.
332 2534 477 2588 usuum
496 2536 572 2588 1723.
589 2537 666 2590 rom.
679 2535 700 2588 1.
1351 2517 1355 2531 “

213 2629 247 2696 ²⁵)
266 2627 296 2680 ln
318 2626 411 2680 divina
437 2627 579 2684 comoedia
599 2629 697 2682 Dentis
716 2627 852 2696 Alighieri
871 2627 898 2681 in
916 2622 1209 2681 translatione'Berndi
1228 2625 1281 2678 Gu-

142 2721 210 2777 seck
227 2720 386 2775 Phorsheim
405 2722 472 2776 1841
491 2721 519 2776 in
536 2721 698 2792 Purgatorio
721 2737 795 2775 canz.
814 2722 914 2780 XVHI.
932 2737 995 2791 pag.
1013 2722 1073 2774 263,
1091 2735 1281 2774 commemora-

141 2820 198 2869 tum
221 2816 373 2870 invenimus
399 2815 539 2884 ,abbatem
562 2816 596 2870 de
619 2815 646 2870 S.
665 2815 788 2884 Zenone*
818 2832 853 2870 ex
880 2821 1003 2884 tempore
1029 2814 1159 2868 Friderici
1181 2814 1281 2868 Barba·

133 2897 246 2964 roseae.
281 2909 479 2978 Explanetores
503 2909 584 2980 huJus
604 2913 702 2978 poetae
724 2909 850 2964 abbatem
876 2909 948 2965 hunc
965 2909 1106 2964 Albertum
1133 2908 1281 2976 accipiunt3

141 3004 242 3073 quibus
260 3004 427 3073 argumentis
444 3009 536 3080 tamen
553 3004 610 3058 nixi
628 3003 656 3058 id
675 3003 825 3074 declarent,
843 3004 923 3072 plane
941 3021 991 3058 nos
1008 3003 1172 3074 fugit;·nam
1190 2986 1282 3057 uti'ex

139 3102 265 3152 accurate
288 3099 364 3167 apud
382 3097 528 3168 Ughellum
551 3099 626 3154 edito
649 3097 788 3153 Abbatum
815 3079 971 3154 monasterii
994 3097 1159 3154 Veronensis
1187 3097 1281 3152 ordine

141 3189 242 3260 elucet,
264 3193 366 3260 primus
383 3193 481 3263 abbas,
504 3193 548 3247 cui
565 3209 664 3248 nomen
682 3193 797 3249 Alberto
815 3192 867 3264 fuit
884 3209 907 3247 a.
927 3191 996 3246 1224
1013 3191 1089 3263 vixit,
1121 3208 1203 3262 quum
1222 3193 1281 3262 ejus

141 3288 299 3339 antecessor
323 3287 478 3354 Riprandus
505 3304 529 3340 a.
548 3289 616 3341 1213
643 3287 728 3341 abbas
754 3286 848 3358 fuerit,
875 3287 1028 3342 Fridericus
1054 3291 1143 3341 autem
1170 3303 1195 3340 a.
1214 3287 1282 3341 1190

140 3383 263 3434 mortuus
281 3365 353 3433 esset
371 3378 415 3446 (cf.
433 3379 578 3449 Ughellum
596 3398 640 3450 op.
660 3383 705 3436 cit.
722 3383 799 3436 Tom.
811 3383 849 3437 V.
863 3399 926 3451 pag.
940 3383 1018 3449 701).
1043 3414 1076 3421 -
1112 3382 1281 3436 Commemo-

140 3479 214 3529 ratus
232 3479 321 3529 autem
344 3472 413 3528 alter
433 3473 518 3528 abbas
539 3475 574 3528 ab
591 3475 744 3545 Alighierio
765 3476 817 3530 loc.
842 3475 899 3546 cit,
928 3476 989 3546 ,qui
1018 3477 1104 3530 malus
1122 3492 1235 3543 corpore
1253 3480 1281 3530 et

142 3573 232 3622 mente
250 3574 277 3623 et
294 3569 373 3638 pejor
390 3568 494 3638 animo,
517 3568 587 3624 malo
604 3572 699 3625 natus“
719 3576 789 3638 erat,
812 3569 864 3626 fuit
881 3569 1019 3640 Josephus
1041 3571 1075 3624 de
1094 3570 1120 3624 la
1138 3569 1216 3624 Scala
1234 3570 1280 3622 tri-

142 3663 258 3716 cesimus
276 3668 387 3732 quartus
411 3663 508 3733 abbas,
536 3662 582 3732 qui
600 3679 624 3718 a.
643 3665 712 3718 1292
729 3665 798 3719 vixit
815 3663 920 3734 fuitque
935 3660 1010 3719 ‘filius
1027 3664 1157 3717 naturalis
1174 3663 1280 3718 Alberti

141 3756 176 3810 do
200 3755 227 3808 le
250 3755 327 3811 Scala
349 3757 393 3826 (cf.
412 3757 557 3829 Ughellum
576 3774 620 3828 op.
639 3759 683 3814 cit.
701 3761 777 3816 Tom.
791 3761 823 3816 V.
843 3777 905 3829 pag.
919 3760 977 3816 664.
996 3757 1156 3813 Panvinium
1172 3757 1232 3813 Lib.
1245 3759 1278 3814 V.

142 3867 200 3918 cap.
213 3851 259 3906 IV.
277 3867 339 3920 pag.
352 3854 431 3921 131.).

212 3944 244 4012 ²⁶)
267 3943 403 4026 Ughellas
421 3947 471 4001 loc.
491 3948 535 4002 cit.
554 3964 616 4017 pag.
630 3949 689 4002 665.

211 4040 245 4109 ²⁷)
264 4037 431 4112 Panvinius
449 4057 493 4110 op.
512 4041 557 4095 cit.
575 4043 633 4097 Lib.
647 4043 680 4098 V.
699 4059 757 4111 cap
771 4043 817 4099 IV.
836 4061 899 4114 pag.
910 4047 968 4100 132,

210 4135 244 4203 ²⁸)
263 4133 505 4214 Hieronymum
531 4133 637 4192 Culte:
663 4135 722 4190 Lib.
735 4137 782 4192 IV.
800 4139 937 4192 Historiae
954 4135 1120 4207 Veronensis
1138 4151 1200 4205 pag.
1218 4137 1278 4190 209.

139 4229 350 4302 Duitpraadus
366 4229 425 4284 Lib.
438 4230 472 4282 Il.
491 4245 548 4297 cap.
561 4231 607 4288 IV.
626 4231 696 4286 Hist.
714 4233 791 4287 Tom.
802 4233 835 4286 Π.
853 4233 954 4286 Rerum
972 4232 1123 4286 Italicarum
1142 4246 1205 4299 pag.
1218 4231 1278 4288 435.

140 4321 269 4380 Annales
286 4322 461 4380 Bertiniani
478 4325 554 4380 Tom.
567 4326 600 4379 11.
618 4327 719 4380 Rerum
737 4325 821 4379 Italic.
840 4343 902 4395 pag.
915 4327 975 4380 575.
