<?xml version="1.0" encoding="UTF-8"?>
<!DOCTYPE html PUBLIC "-//W3C//DTD XHTML 1.0 Transitional//EN"
    "http://www.w3.org/TR/xhtml1/DTD/xhtml1-transitional.dtd">
<html xmlns="http://www.w3.org/1999/xhtml" xml:lang="en" lang="en">
 <head>
  <title>
</title>
<meta http-equiv="Content-Type" content="text/html;charset=utf-8" />
  <meta name='ocr-system' content='tesseract 3.04.00' />
  <meta name='ocr-capabilities' content='ocr_page ocr_carea ocr_par ocr_line ocrx_word'/>
</head>
<body>
  <div class='ocr_page' id='page_1' title='image "./zenoveronensise00jazdgoog_0020.png"; bbox 0 0 3012 4936; ppageno 0'>
   <div class='ocr_carea' id='block_1_1' title="bbox 623 257 746 320">
    <p class='ocr_par' dir='ltr' id='par_1_1' title="bbox 623 257 746 320">
     <span class='ocr_line' id='line_1_1' title="bbox 623 257 746 320; baseline 0 0"><span class='ocrx_word' id='word_1_1' title='bbox 623 257 746 320; x_wconf 81' lang='lat'>-15</span> 
     </span>
    </p>
   </div>
   <div class='ocr_carea' id='block_1_2' title="bbox 92 412 1296 2626">
    <p class='ocr_par' dir='ltr' id='par_1_2' title="bbox 92 412 1296 2626">
     <span class='ocr_line' id='line_1_2' title="bbox 155 412 1295 502; baseline -0.009 -18"><span class='ocrx_word' id='word_1_2' title='bbox 155 422 188 484; x_wconf 92' lang='lat' dir='ltr'>in</span> <span class='ocrx_word' id='word_1_3' title='bbox 213 418 422 499; x_wconf 56' lang='lat' dir='ltr'>,Tridentium</span> <span class='ocrx_word' id='word_1_4' title='bbox 461 417 601 502; x_wconf 90' lang='lat' dir='ltr'>quinque</span> <span class='ocrx_word' id='word_1_5' title='bbox 637 417 669 480; x_wconf 93' lang='lat' dir='ltr'>in</span> <span class='ocrx_word' id='word_1_6' title='bbox 706 415 930 500; x_wconf 83' lang='lat' dir='ltr'>Bergamensi,</span> <span class='ocrx_word' id='word_1_7' title='bbox 967 423 1031 479; x_wconf 87' lang='lat' dir='ltr'>tres</span> <span class='ocrx_word' id='word_1_8' title='bbox 1068 415 1102 478; x_wconf 88' lang='lat' dir='ltr'>in</span> <span class='ocrx_word' id='word_1_9' title='bbox 1137 412 1295 493; x_wconf 87' lang='lat' dir='ltr'>Vicetina,</span> 
     </span>
     <span class='ocr_line' id='line_1_3' title="bbox 92 522 1295 617; baseline -0.009 -20"><span class='ocrx_word' id='word_1_10' title='bbox 92 571 95 576; x_wconf 95' lang='lat'>·</span> <span class='ocrx_word' id='word_1_11' title='bbox 158 533 299 617; x_wconf 91' lang='lat' dir='ltr'>quinque</span> <span class='ocrx_word' id='word_1_12' title='bbox 320 529 457 611; x_wconf 83' lang='lat' dir='ltr'>Patavii,</span> <span class='ocrx_word' id='word_1_13' title='bbox 479 538 544 593; x_wconf 89' lang='lat' dir='ltr'>tres</span> <span class='ocrx_word' id='word_1_14' title='bbox 567 529 599 592; x_wconf 93' lang='lat' dir='ltr'>in</span> <span class='ocrx_word' id='word_1_15' title='bbox 622 527 791 593; x_wconf 88' lang='lat' dir='ltr'>Tarvisina</span> <span class='ocrx_word' id='word_1_16' title='bbox 813 525 966 608; x_wconf 89' lang='lat' dir='ltr'>dioecesi,</span> <span class='ocrx_word' id='word_1_17' title='bbox 989 527 1157 607; x_wconf 83' lang='lat' dir='ltr'>Mantuae,</span> <span class='ocrx_word' id='word_1_18' title='bbox 1182 522 1295 609; x_wconf 81' lang='lat' dir='ltr'>Gradi,</span> 
     </span>
     <span class='ocr_line' id='line_1_4' title="bbox 155 636 1296 726; baseline -0.008 -18"><span class='ocrx_word' id='word_1_19' title='bbox 155 642 311 724; x_wconf 87' lang='lat' dir='ltr'>Torcelli,</span> <span class='ocrx_word' id='word_1_20' title='bbox 342 641 511 726; x_wconf 84' lang='lat' dir='ltr'>Aquilejae</span> <span class='ocrx_word' id='word_1_21' title='bbox 534 650 608 720; x_wconf 85' lang='lat' dir='ltr'>etc.;</span> <span class='ocrx_word' id='word_1_22' title='bbox 641 648 731 704; x_wconf 85' lang='lat' dir='ltr'>extra</span> <span class='ocrx_word' id='word_1_23' title='bbox 759 638 888 702; x_wconf 87' lang='lat' dir='ltr'>Italiam</span> <span class='ocrx_word' id='word_1_24' title='bbox 919 648 1025 702; x_wconf 86' lang='lat' dir='ltr'>autern</span> <span class='ocrx_word' id='word_1_25' title='bbox 1056 639 1089 702; x_wconf 94' lang='lat' dir='ltr'>in</span> <span class='ocrx_word' id='word_1_26' title='bbox 1118 636 1296 722; x_wconf 83' lang='lat' dir='ltr'>Frisigensi</span> 
     </span>
     <span class='ocr_line' id='line_1_5' title="bbox 155 746 1294 826; baseline -0.006 -8"><span class='ocrx_word' id='word_1_27' title='bbox 155 755 235 818; x_wconf 93' lang='lat' dir='ltr'>urbe</span> <span class='ocrx_word' id='word_1_28' title='bbox 247 754 289 817; x_wconf 74' lang='lat' dir='ltr'>‘in</span> <span class='ocrx_word' id='word_1_29' title='bbox 313 752 501 819; x_wconf 81' lang='lat' dir='ltr'>Germania:</span> <span class='ocrx_word' id='word_1_30' title='bbox 526 751 752 818; x_wconf 86' lang='lat' dir='ltr'>monasterium</span> <span class='ocrx_word' id='word_1_31' title='bbox 774 750 927 815; x_wconf 86' lang='lat' dir='ltr'>lsanense</span> <span class='ocrx_word' id='word_1_32' title='bbox 949 750 1157 814; x_wconf 89' lang='lat' dir='ltr'>inhonorem</span> <span class='ocrx_word' id='word_1_33' title='bbox 1180 747 1213 814; x_wconf 87' lang='lat' dir='ltr'>S.</span> <span class='ocrx_word' id='word_1_34' title='bbox 1234 746 1294 826; x_wconf 91' lang='lat' dir='ltr'>Ze-</span> 
     </span>
     <span class='ocr_line' id='line_1_6' title="bbox 158 857 1296 948; baseline -0.004 -20"><span class='ocrx_word' id='word_1_35' title='bbox 158 865 265 947; x_wconf 80' lang='lat' dir='ltr'>nonis,</span> <span class='ocrx_word' id='word_1_36' title='bbox 302 863 418 929; x_wconf 88' lang='lat' dir='ltr'>Hallae</span> <span class='ocrx_word' id='word_1_37' title='bbox 455 863 486 928; x_wconf 93' lang='lat' dir='ltr'>in</span> <span class='ocrx_word' id='word_1_38' title='bbox 519 862 659 930; x_wconf 85' lang='lat' dir='ltr'>dioecesi</span> <span class='ocrx_word' id='word_1_39' title='bbox 690 861 928 948; x_wconf 85' lang='lat' dir='ltr'>Salisburgensi</span> <span class='ocrx_word' id='word_1_40' title='bbox 964 863 1038 948; x_wconf 86' lang='lat' dir='ltr'>(qui</span> <span class='ocrx_word' id='word_1_41' title='bbox 1073 861 1163 926; x_wconf 83' lang='lat' dir='ltr'>loc&#39;us</span> <span class='ocrx_word' id='word_1_42' title='bbox 1199 857 1296 923; x_wconf 88' lang='lat' dir='ltr'>hodie</span> 
     </span>
     <span class='ocr_line' id='line_1_7' title="bbox 154 972 1293 1060; baseline -0.006 -19"><span class='ocrx_word' id='word_1_43' title='bbox 154 975 362 1042; x_wconf 88' lang='lat' dir='ltr'>Reichenhall</span> <span class='ocrx_word' id='word_1_44' title='bbox 384 985 517 1041; x_wconf 86' lang='lat' dir='ltr'>vocatur</span> <span class='ocrx_word' id='word_1_45' title='bbox 544 985 576 1040; x_wconf 87' lang='lat' dir='ltr'>et</span> <span class='ocrx_word' id='word_1_46' title='bbox 606 976 639 1040; x_wconf 93' lang='lat' dir='ltr'>in</span> <span class='ocrx_word' id='word_1_47' title='bbox 661 974 904 1040; x_wconf 90' lang='lat' dir='ltr'>Archidioecesi</span> <span class='ocrx_word' id='word_1_48' title='bbox 930 975 1071 1039; x_wconf 87' lang='lat' dir='ltr'>Monaco</span> <span class='ocrx_word' id='word_1_49' title='bbox 1087 1011 1101 1023; x_wconf 94' lang='lat'>-</span> <span class='ocrx_word' id='word_1_50' title='bbox 1117 972 1293 1060; x_wconf 83' lang='lat' dir='ltr'>Frisigensi</span> 
     </span>
     <span class='ocr_line' id='line_1_8' title="bbox 153 1085 1292 1174; baseline -0.006 -21"><span class='ocrx_word' id='word_1_51' title='bbox 153 1089 234 1153; x_wconf 89' lang='lat' dir='ltr'>situs</span> <span class='ocrx_word' id='word_1_52' title='bbox 262 1090 325 1174; x_wconf 89' lang='lat' dir='ltr'>est)</span> <span class='ocrx_word' id='word_1_53' title='bbox 343 1088 398 1174; x_wconf 78' lang='lat'>³⁰).</span> <span class='ocrx_word' id='word_1_54' title='bbox 446 1088 486 1152; x_wconf 94' lang='lat' dir='ltr'>In</span> <span class='ocrx_word' id='word_1_55' title='bbox 513 1087 664 1154; x_wconf 89' lang='lat' dir='ltr'>Helvetia</span> <span class='ocrx_word' id='word_1_56' title='bbox 689 1086 844 1173; x_wconf 78' lang='lat' dir='ltr'>singulari</span> <span class='ocrx_word' id='word_1_57' title='bbox 867 1110 942 1157; x_wconf 67' lang='lat' dir='ltr'>,cum</span> <span class='ocrx_word' id='word_1_58' title='bbox 969 1085 1146 1152; x_wconf 87' lang='lat' dir='ltr'>reverentia</span> <span class='ocrx_word' id='word_1_59' title='bbox 1172 1085 1292 1150; x_wconf 88' lang='lat' dir='ltr'>cultum</span> 
     </span>
     <span class='ocr_line' id='line_1_9' title="bbox 151 1197 1293 1282; baseline -0.004 -18"><span class='ocrx_word' id='word_1_60' title='bbox 151 1200 253 1265; x_wconf 87' lang='lat' dir='ltr'>fuisse</span> <span class='ocrx_word' id='word_1_61' title='bbox 274 1197 456 1281; x_wconf 81' lang='lat' dir='ltr'>Zenonem,</span> <span class='ocrx_word' id='word_1_62' title='bbox 490 1199 620 1264; x_wconf 83' lang='lat' dir='ltr'>litaniae</span> <span class='ocrx_word' id='word_1_63' title='bbox 646 1200 853 1280; x_wconf 85' lang='lat' dir='ltr'>Hartmanni,</span> <span class='ocrx_word' id='word_1_64' title='bbox 885 1198 1039 1267; x_wconf 86' lang='lat' dir='ltr'>Monachi</span> <span class='ocrx_word' id='word_1_65' title='bbox 1074 1197 1293 1282; x_wconf 83' lang='lat' dir='ltr'>Sangallensis</span> 
     </span>
     <span class='ocr_line' id='line_1_10' title="bbox 153 1308 1294 1398; baseline -0.004 -22"><span class='ocrx_word' id='word_1_66' title='bbox 153 1312 225 1398; x_wconf 90' lang='lat' dir='ltr'>(qui</span> <span class='ocrx_word' id='word_1_67' title='bbox 240 1311 303 1376; x_wconf 88' lang='lat' dir='ltr'>IX.</span> <span class='ocrx_word' id='word_1_68' title='bbox 316 1311 445 1376; x_wconf 87' lang='lat' dir='ltr'>saeculo</span> <span class='ocrx_word' id='word_1_69' title='bbox 467 1311 590 1395; x_wconf 84' lang='lat' dir='ltr'>floruit)</span> <span class='ocrx_word' id='word_1_70' title='bbox 611 1310 758 1374; x_wconf 87' lang='lat' dir='ltr'>versibus</span> <span class='ocrx_word' id='word_1_71' title='bbox 781 1311 918 1394; x_wconf 83' lang='lat' dir='ltr'>scriptae</span> <span class='ocrx_word' id='word_1_72' title='bbox 940 1318 1114 1388; x_wconf 83' lang='lat' dir='ltr'>testantur3</span> <span class='ocrx_word' id='word_1_73' title='bbox 1138 1310 1170 1373; x_wconf 90' lang='lat' dir='ltr'>in</span> <span class='ocrx_word' id='word_1_74' title='bbox 1187 1308 1294 1374; x_wconf 86' lang='lat' dir='ltr'>Gallia</span> 
     </span>
     <span class='ocr_line' id='line_1_11' title="bbox 153 1419 1292 1508; baseline 0 -22"><span class='ocrx_word' id='word_1_75' title='bbox 153 1422 241 1486; x_wconf 90' lang='lat' dir='ltr'>Zeno</span> <span class='ocrx_word' id='word_1_76' title='bbox 263 1421 296 1485; x_wconf 93' lang='lat' dir='ltr'>in</span> <span class='ocrx_word' id='word_1_77' title='bbox 318 1420 485 1508; x_wconf 86' lang='lat' dir='ltr'>permultis</span> <span class='ocrx_word' id='word_1_78' title='bbox 513 1430 778 1486; x_wconf 85' lang='lat' dir='ltr'>commemoratur</span> <span class='ocrx_word' id='word_1_79' title='bbox 803 1421 942 1502; x_wconf 85' lang='lat' dir='ltr'>litaniis,</span> <span class='ocrx_word' id='word_1_80' title='bbox 970 1421 1002 1484; x_wconf 93' lang='lat' dir='ltr'>in</span> <span class='ocrx_word' id='word_1_81' title='bbox 1024 1421 1160 1487; x_wconf 84' lang='lat' dir='ltr'>ecclesia</span> <span class='ocrx_word' id='word_1_82' title='bbox 1173 1419 1292 1486; x_wconf 80' lang='lat' dir='ltr'>¹Ande-</span> 
     </span>
     <span class='ocr_line' id='line_1_12' title="bbox 153 1526 1293 1618; baseline -0.001 -22"><span class='ocrx_word' id='word_1_83' title='bbox 153 1531 285 1618; x_wconf 84' lang='lat' dir='ltr'>gavensi</span> <span class='ocrx_word' id='word_1_84' title='bbox 308 1533 407 1597; x_wconf 88' lang='lat' dir='ltr'>missa</span> <span class='ocrx_word' id='word_1_85' title='bbox 428 1533 461 1596; x_wconf 88' lang='lat' dir='ltr'>in</span> <span class='ocrx_word' id='word_1_86' title='bbox 483 1526 635 1597; x_wconf 88' lang='lat' dir='ltr'>honorem</span> <span class='ocrx_word' id='word_1_87' title='bbox 659 1535 727 1618; x_wconf 89' lang='lat' dir='ltr'>ejus</span> <span class='ocrx_word' id='word_1_88' title='bbox 750 1532 951 1597; x_wconf 87' lang='lat' dir='ltr'>recitabatur.</span> <span class='ocrx_word' id='word_1_89' title='bbox 973 1571 1014 1580; x_wconf 86' lang='lat'>-·</span> <span class='ocrx_word' id='word_1_90' title='bbox 1059 1533 1139 1598; x_wconf 89' lang='lat' dir='ltr'>Tres</span> <span class='ocrx_word' id='word_1_91' title='bbox 1165 1532 1293 1598; x_wconf 89' lang='lat' dir='ltr'>omnino</span> 
     </span>
     <span class='ocr_line' id='line_1_13' title="bbox 153 1643 1292 1734; baseline 0 -26"><span class='ocrx_word' id='word_1_92' title='bbox 153 1643 222 1710; x_wconf 87' lang='lat' dir='ltr'>dies</span> <span class='ocrx_word' id='word_1_93' title='bbox 249 1644 282 1708; x_wconf 90' lang='lat' dir='ltr'>in</span> <span class='ocrx_word' id='word_1_94' title='bbox 307 1643 460 1709; x_wconf 92' lang='lat' dir='ltr'>honorem</span> <span class='ocrx_word' id='word_1_95' title='bbox 488 1644 626 1716; x_wconf 81' lang='lat' dir='ltr'>Zenonis</span> <span class='ocrx_word' id='word_1_96' title='bbox 655 1644 688 1708; x_wconf 93' lang='lat' dir='ltr'>in</span> <span class='ocrx_word' id='word_1_97' title='bbox 716 1643 852 1709; x_wconf 87' lang='lat' dir='ltr'>ecclesia</span> <span class='ocrx_word' id='word_1_98' title='bbox 873 1643 1052 1709; x_wconf 86' lang='lat' dir='ltr'>Veronensi</span> <span class='ocrx_word' id='word_1_99' title='bbox 1079 1654 1168 1734; x_wconf 82' lang='lat' dir='ltr'>erant</span> <span class='ocrx_word' id='word_1_100' title='bbox 1194 1643 1292 1709; x_wconf 87' lang='lat' dir='ltr'>desti-</span> 
     </span>
     <span class='ocr_line' id='line_1_14' title="bbox 153 1753 1293 1842; baseline -0.001 -22"><span class='ocrx_word' id='word_1_101' title='bbox 153 1757 232 1820; x_wconf 85' lang='lat' dir='ltr'>nati:</span> <span class='ocrx_word' id='word_1_102' title='bbox 276 1754 380 1842; x_wconf 88' lang='lat' dir='ltr'>pridie</span> <span class='ocrx_word' id='word_1_103' title='bbox 415 1754 495 1820; x_wconf 91' lang='lat' dir='ltr'>Idus</span> <span class='ocrx_word' id='word_1_104' title='bbox 533 1755 657 1841; x_wconf 87' lang='lat' dir='ltr'>Aprilis</span> <span class='ocrx_word' id='word_1_105' title='bbox 695 1755 868 1842; x_wconf 88' lang='lat' dir='ltr'>depositio,</span> <span class='ocrx_word' id='word_1_106' title='bbox 911 1756 992 1820; x_wconf 89' lang='lat' dir='ltr'>XII.</span> <span class='ocrx_word' id='word_1_107' title='bbox 1028 1753 1163 1826; x_wconf 83' lang='lat' dir='ltr'>Calend.</span> <span class='ocrx_word' id='word_1_108' title='bbox 1200 1756 1293 1821; x_wconf 85' lang='lat' dir='ltr'>Junii</span> 
     </span>
     <span class='ocr_line' id='line_1_15' title="bbox 151 1866 1291 1954; baseline -0.002 -20"><span class='ocrx_word' id='word_1_109' title='bbox 151 1867 349 1952; x_wconf 85' lang='lat' dir='ltr'>Translatio,</span> <span class='ocrx_word' id='word_1_110' title='bbox 381 1868 440 1933; x_wconf 90' lang='lat' dir='ltr'>VI.</span> <span class='ocrx_word' id='word_1_111' title='bbox 463 1866 513 1932; x_wconf 89' lang='lat' dir='ltr'>Id.</span> <span class='ocrx_word' id='word_1_112' title='bbox 536 1867 726 1954; x_wconf 83' lang='lat' dir='ltr'>Decembris</span> <span class='ocrx_word' id='word_1_113' title='bbox 754 1868 950 1940; x_wconf 85' lang='lat' dir='ltr'>consecratio</span> <span class='ocrx_word' id='word_1_114' title='bbox 977 1868 1028 1934; x_wconf 89' lang='lat' dir='ltr'>vel</span> <span class='ocrx_word' id='word_1_115' title='bbox 1050 1868 1201 1934; x_wconf 79' lang='lat' dir='ltr'>basilicae</span> <span class='ocrx_word' id='word_1_116' title='bbox 1223 1871 1291 1954; x_wconf 90' lang='lat' dir='ltr'>ejus</span> 
     </span>
     <span class='ocr_line' id='line_1_16' title="bbox 152 1975 1198 2045; baseline 0.002 -2"><span class='ocrx_word' id='word_1_117' title='bbox 152 1979 323 2045; x_wconf 77' lang='lat' dir='ltr'>dedicatio</span> <span class='ocrx_word' id='word_1_118' title='bbox 1196 1975 1198 1980; x_wconf 70' lang='grc'><strong>’</strong></span> 
     </span>
     <span class='ocr_line' id='line_1_17' title="bbox 256 2089 1291 2176; baseline 0.001 -21"><span class='ocrx_word' id='word_1_119' title='bbox 256 2089 442 2156; x_wconf 88' lang='lat' dir='ltr'>Dolendum</span> <span class='ocrx_word' id='word_1_120' title='bbox 464 2114 541 2176; x_wconf 86' lang='lat' dir='ltr'>ergo</span> <span class='ocrx_word' id='word_1_121' title='bbox 564 2100 626 2173; x_wconf 88' lang='lat' dir='ltr'>est,</span> <span class='ocrx_word' id='word_1_122' title='bbox 649 2092 728 2156; x_wconf 88' lang='lat' dir='ltr'>nihil</span> <span class='ocrx_word' id='word_1_123' title='bbox 751 2092 829 2158; x_wconf 83' lang='lat' dir='ltr'>certi</span> <span class='ocrx_word' id='word_1_124' title='bbox 853 2117 893 2158; x_wconf 88' lang='lat' dir='ltr'>ex</span> <span class='ocrx_word' id='word_1_125' title='bbox 908 2093 1055 2176; x_wconf 81' lang='lat' dir='ltr'>-antiquis</span> <span class='ocrx_word' id='word_1_126' title='bbox 1078 2091 1291 2160; x_wconf 85' lang='lat' dir='ltr'>monumentis</span> 
     </span>
     <span class='ocr_line' id='line_1_18' title="bbox 152 2201 1291 2291; baseline 0.001 -24"><span class='ocrx_word' id='word_1_127' title='bbox 152 2203 275 2268; x_wconf 84' lang='lat' dir='ltr'>exarari</span> <span class='ocrx_word' id='word_1_128' title='bbox 298 2201 545 2290; x_wconf 67' lang='lat' dir='ltr'>possederim</span> <span class='ocrx_word' id='word_1_129' title='bbox 569 2212 635 2268; x_wconf 87' lang='lat' dir='ltr'>tam</span> <span class='ocrx_word' id='word_1_130' title='bbox 664 2205 814 2271; x_wconf 86' lang='lat' dir='ltr'>celebrati</span> <span class='ocrx_word' id='word_1_131' title='bbox 836 2206 962 2288; x_wconf 84' lang='lat' dir='ltr'>Sancti,</span> <span class='ocrx_word' id='word_1_132' title='bbox 990 2203 1048 2271; x_wconf 82' lang='lat' dir='ltr'>sed</span> <span class='ocrx_word' id='word_1_133' title='bbox 1073 2202 1291 2291; x_wconf 86' lang='lat' dir='ltr'>providentiae</span> 
     </span>
     <span class='ocr_line' id='line_1_19' title="bbox 149 2301 1290 2403; baseline -0.003 -21"><span class='ocrx_word' id='word_1_134' title='bbox 149 2314 277 2382; x_wconf 87' lang='lat' dir='ltr'>divinae</span> <span class='ocrx_word' id='word_1_135' title='bbox 299 2315 434 2401; x_wconf 81' lang='lat' dir='ltr'>gratiam</span> <span class='ocrx_word' id='word_1_136' title='bbox 457 2315 574 2380; x_wconf 86' lang='lat' dir='ltr'>habere</span> <span class='ocrx_word' id='word_1_137' title='bbox 597 2317 765 2401; x_wconf 85' lang='lat' dir='ltr'>debemus,</span> <span class='ocrx_word' id='word_1_138' title='bbox 793 2327 945 2403; x_wconf 85' lang='lat' dir='ltr'>quantam</span> <span class='ocrx_word' id='word_1_139' title='bbox 958 2301 1139 2397; x_wconf 65' lang='lat' dir='ltr'>&#39;maximam</span> <span class='ocrx_word' id='word_1_140' title='bbox 1166 2316 1290 2380; x_wconf 88' lang='lat' dir='ltr'>animus</span> 
     </span>
     <span class='ocr_line' id='line_1_20' title="bbox 150 2427 1290 2517; baseline 0 -26"><span class='ocrx_word' id='word_1_141' title='bbox 150 2451 265 2513; x_wconf 84' lang='lat' dir='ltr'>capere</span> <span class='ocrx_word' id='word_1_142' title='bbox 297 2435 416 2512; x_wconf 85' lang='lat' dir='ltr'>potest,</span> <span class='ocrx_word' id='word_1_143' title='bbox 452 2427 540 2512; x_wconf 88' lang='lat' dir='ltr'>quod</span> <span class='ocrx_word' id='word_1_144' title='bbox 567 2437 721 2495; x_wconf 86' lang='lat' dir='ltr'>tractatus</span> <span class='ocrx_word' id='word_1_145' title='bbox 748 2434 816 2517; x_wconf 87' lang='lat' dir='ltr'>ejus</span> <span class='ocrx_word' id='word_1_146' title='bbox 842 2429 939 2516; x_wconf 84' lang='lat' dir='ltr'>longe</span> <span class='ocrx_word' id='word_1_147' title='bbox 965 2429 1083 2494; x_wconf 89' lang='lat' dir='ltr'>occulti</span> <span class='ocrx_word' id='word_1_148' title='bbox 1109 2439 1205 2512; x_wconf 86' lang='lat' dir='ltr'>atque</span> <span class='ocrx_word' id='word_1_149' title='bbox 1226 2429 1290 2492; x_wconf 87' lang='lat' dir='ltr'>fere</span> 
     </span>
     <span class='ocr_line' id='line_1_21' title="bbox 153 2536 1289 2626; baseline 0.003 -25"><span class='ocrx_word' id='word_1_150' title='bbox 153 2536 312 2623; x_wconf 80' lang='lat' dir='ltr'>deperditi</span> <span class='ocrx_word' id='word_1_151' title='bbox 333 2536 376 2603; x_wconf 83' lang='lat' dir='ltr'>ad</span> <span class='ocrx_word' id='word_1_152' title='bbox 397 2547 507 2604; x_wconf 90' lang='lat' dir='ltr'>nostra</span> <span class='ocrx_word' id='word_1_153' title='bbox 528 2550 738 2625; x_wconf 88' lang='lat' dir='ltr'>pervenerunt</span> <span class='ocrx_word' id='word_1_154' title='bbox 764 2550 922 2626; x_wconf 87' lang='lat' dir='ltr'>tempora,</span> <span class='ocrx_word' id='word_1_155' title='bbox 950 2541 1128 2624; x_wconf 86' lang='lat' dir='ltr'>exquibus</span> <span class='ocrx_word' id='word_1_156' title='bbox 1151 2564 1213 2604; x_wconf 92' lang='lat' dir='ltr'>non</span> <span class='ocrx_word' id='word_1_157' title='bbox 1237 2563 1289 2605; x_wconf 87' lang='lat' dir='ltr'>so-</span> 
     </span>
    </p>
   </div>
   <div class='ocr_carea' id='block_1_3' title="bbox 151 2646 1400 2736">
    <p class='ocr_par' dir='ltr' id='par_1_3' title="bbox 151 2646 1400 2736">
     <span class='ocr_line' id='line_1_22' title="bbox 151 2646 1400 2736; baseline 0.009 -27"><span class='ocrx_word' id='word_1_158' title='bbox 151 2646 218 2712; x_wconf 90' lang='lat' dir='ltr'>lum</span> <span class='ocrx_word' id='word_1_159' title='bbox 242 2647 359 2713; x_wconf 86' lang='lat' dir='ltr'>eximia</span> <span class='ocrx_word' id='word_1_160' title='bbox 381 2650 545 2731; x_wconf 85' lang='lat' dir='ltr'>sanctitas,</span> <span class='ocrx_word' id='word_1_161' title='bbox 567 2649 626 2715; x_wconf 88' lang='lat' dir='ltr'>sed</span> <span class='ocrx_word' id='word_1_162' title='bbox 648 2651 743 2714; x_wconf 84' lang='lat' dir='ltr'>etiam</span> <span class='ocrx_word' id='word_1_163' title='bbox 765 2650 924 2736; x_wconf 87' lang='lat' dir='ltr'>profunda</span> <span class='ocrx_word' id='word_1_164' title='bbox 947 2651 1051 2716; x_wconf 87' lang='lat' dir='ltr'>elucet</span> <span class='ocrx_word' id='word_1_165' title='bbox 1072 2650 1225 2716; x_wconf 86' lang='lat' dir='ltr'>doctrina.</span> <span class='ocrx_word' id='word_1_166' title='bbox 1248 2691 1289 2699; x_wconf 93' lang='lat'><em>-</em></span> <span class='ocrx_word' id='word_1_167' title='bbox 1396 2712 1400 2720; x_wconf 92' lang='lat'>.</span> 
     </span>
    </p>
   </div>
   <div class='ocr_carea' id='block_1_4' title="bbox 150 2743 1346 3404">
    <p class='ocr_par' dir='ltr' id='par_1_4' title="bbox 150 2743 1346 3404">
     <span class='ocr_line' id='line_1_23' title="bbox 254 2743 1346 2847; baseline 0 -23"><span class='ocrx_word' id='word_1_168' title='bbox 254 2760 409 2826; x_wconf 84' lang='lat' dir='ltr'>Attamen</span> <span class='ocrx_word' id='word_1_169' title='bbox 432 2759 617 2847; x_wconf 86' lang='lat' dir='ltr'>diligentius</span> <span class='ocrx_word' id='word_1_170' title='bbox 639 2761 721 2826; x_wconf 90' lang='lat' dir='ltr'>ratio</span> <span class='ocrx_word' id='word_1_171' title='bbox 742 2762 835 2828; x_wconf 90' lang='lat' dir='ltr'>nobis</span> <span class='ocrx_word' id='word_1_172' title='bbox 857 2761 1021 2829; x_wconf 87' lang='lat' dir='ltr'>reddenda</span> <span class='ocrx_word' id='word_1_173' title='bbox 1036 2772 1094 2846; x_wconf 88' lang='lat' dir='ltr'>est,</span> <span class='ocrx_word' id='word_1_174' title='bbox 1117 2785 1173 2828; x_wconf 90' lang='lat' dir='ltr'>cur</span> <span class='ocrx_word' id='word_1_175' title='bbox 1187 2743 1295 2826; x_wconf 78' lang='lat' dir='ltr'>viruni</span> <span class='ocrx_word' id='word_1_176' title='bbox 1343 2839 1346 2846; x_wconf 87' lang='lat'><em>.</em></span> 
     </span>
     <span class='ocr_line' id='line_1_24' title="bbox 150 2872 1289 2962; baseline 0.002 -26"><span class='ocrx_word' id='word_1_177' title='bbox 150 2872 246 2955; x_wconf 91' lang='lat' dir='ltr'>hunc,</span> <span class='ocrx_word' id='word_1_178' title='bbox 268 2895 365 2956; x_wconf 90' lang='lat' dir='ltr'>quem</span> <span class='ocrx_word' id='word_1_179' title='bbox 387 2873 479 2940; x_wconf 87' lang='lat' dir='ltr'>multi</span> <span class='ocrx_word' id='word_1_180' title='bbox 501 2882 647 2940; x_wconf 87' lang='lat' dir='ltr'>auctores</span> <span class='ocrx_word' id='word_1_181' title='bbox 669 2875 771 2940; x_wconf 89' lang='lat' dir='ltr'>nostri</span> <span class='ocrx_word' id='word_1_182' title='bbox 794 2897 921 2960; x_wconf 90' lang='lat' dir='ltr'>quoque</span> <span class='ocrx_word' id='word_1_183' title='bbox 942 2875 1096 2962; x_wconf 89' lang='lat' dir='ltr'>temporis</span> <span class='ocrx_word' id='word_1_184' title='bbox 1111 2873 1204 2938; x_wconf 85' lang='lat' dir='ltr'>tertio</span> <span class='ocrx_word' id='word_1_185' title='bbox 1220 2896 1289 2940; x_wconf 87' lang='lat' dir='ltr'>sae-</span> 
     </span>
     <span class='ocr_line' id='line_1_25' title="bbox 150 2976 1290 3072; baseline 0.001 -23"><span class='ocrx_word' id='word_1_186' title='bbox 150 2983 223 3050; x_wconf 91' lang='lat' dir='ltr'>culo</span> <span class='ocrx_word' id='word_1_187' title='bbox 244 2976 521 3068; x_wconf 61' lang='lat' dir='ltr'>vixisse&#39;docent,</span> <span class='ocrx_word' id='word_1_188' title='bbox 556 2997 669 3070; x_wconf 85' lang='lat' dir='ltr'>quarto</span> <span class='ocrx_word' id='word_1_189' title='bbox 692 2987 820 3052; x_wconf 89' lang='lat' dir='ltr'>saeculo</span> <span class='ocrx_word' id='word_1_190' title='bbox 841 2985 988 3052; x_wconf 87' lang='lat' dir='ltr'>floruisse</span> <span class='ocrx_word' id='word_1_191' title='bbox 1009 2984 1230 3072; x_wconf 89' lang='lat' dir='ltr'>accipiendum</span> <span class='ocrx_word' id='word_1_192' title='bbox 1248 2988 1290 3052; x_wconf 91' lang='lat' dir='ltr'>sit</span> 
     </span>
     <span class='ocr_line' id='line_1_26' title="bbox 150 3095 1288 3186; baseline 0.003 -26"><span class='ocrx_word' id='word_1_193' title='bbox 150 3105 183 3160; x_wconf 85' lang='lat' dir='ltr'>et</span> <span class='ocrx_word' id='word_1_194' title='bbox 209 3119 266 3161; x_wconf 90' lang='lat' dir='ltr'>cur</span> <span class='ocrx_word' id='word_1_195' title='bbox 292 3095 451 3182; x_wconf 85' lang='lat' dir='ltr'>gloriosus</span> <span class='ocrx_word' id='word_1_196' title='bbox 485 3098 641 3185; x_wconf 84' lang='lat' dir='ltr'>Martyris</span> <span class='ocrx_word' id='word_1_197' title='bbox 682 3099 795 3165; x_wconf 88' lang='lat' dir='ltr'>titulus</span> <span class='ocrx_word' id='word_1_198' title='bbox 838 3099 878 3164; x_wconf 90' lang='lat' dir='ltr'>ab</span> <span class='ocrx_word' id='word_1_199' title='bbox 911 3123 949 3164; x_wconf 91' lang='lat' dir='ltr'>eo</span> <span class='ocrx_word' id='word_1_200' title='bbox 976 3097 1209 3186; x_wconf 89' lang='lat' dir='ltr'>abjudicandus</span> <span class='ocrx_word' id='word_1_201' title='bbox 1237 3100 1288 3181; x_wconf 75' lang='lat' dir='ltr'>sit,</span> 
     </span>
     <span class='ocr_line' id='line_1_27' title="bbox 150 3205 1286 3298; baseline 0.005 -28"><span class='ocrx_word' id='word_1_202' title='bbox 150 3229 304 3289; x_wconf 87' lang='lat' dir='ltr'>quaeres</span> <span class='ocrx_word' id='word_1_203' title='bbox 325 3231 398 3274; x_wconf 90' lang='lat' dir='ltr'>cum</span> <span class='ocrx_word' id='word_1_204' title='bbox 421 3209 530 3276; x_wconf 86' lang='lat' dir='ltr'>multis</span> <span class='ocrx_word' id='word_1_205' title='bbox 554 3205 797 3277; x_wconf 86' lang='lat' dir='ltr'>difficultatibus</span> <span class='ocrx_word' id='word_1_206' title='bbox 821 3215 991 3298; x_wconf 81' lang='lat' dir='ltr'>conjuncta</span> <span class='ocrx_word' id='word_1_207' title='bbox 1016 3211 1161 3276; x_wconf 80' lang='lat' dir='ltr'>latiorem</span> <span class='ocrx_word' id='word_1_208' title='bbox 1189 3234 1286 3297; x_wconf 84' lang='lat' dir='ltr'>expo-</span> 
     </span>
     <span class='ocr_line' id='line_1_28' title="bbox 150 3316 563 3404; baseline 0.005 -22"><span class='ocrx_word' id='word_1_209' title='bbox 150 3317 283 3383; x_wconf 87' lang='lat' dir='ltr'>stulabit</span> <span class='ocrx_word' id='word_1_210' title='bbox 306 3316 563 3404; x_wconf 89' lang='lat' dir='ltr'>disputationem.</span> 
     </span>
    </p>
   </div>
   <div class='ocr_carea' id='block_1_5' title="bbox 0 0 1510 4936">
    <p class='ocr_par' dir='ltr' id='par_1_5' title="bbox 0 0 1510 4936">
     <span class='ocr_line' id='line_1_29' title="bbox 0 0 1510 4936; baseline 0 2"><span class='ocrx_word' id='word_1_211' title='bbox 0 0 1510 4936; x_wconf 95' lang='lat' dir='ltr'> </span> 
     </span>
    </p>
   </div>
  </div>
 </body>
</html>
