3012 4936
696 231 754 297 tut

153 395 257 460 Luc‘i'o
289 393 376 478 apud
400 392 683 458 'Athanasiamfer
712 391 874 456 Hilarium
899 391 1153 458 commemorato
1183 405 1293 478 parem

153 515 265 594 putare
288 506 411 589 nequit,
446 489 609 588 nunquam
631 503 716 570 enim
738 503 917 593 Lucilium,
949 504 1112 571 Lucillum
1135 503 1203 569 sive
1225 503 1293 568 Lu-

155 621 241 684 cium
272 619 458 704 episcopum
490 616 708 680 Veronensem
740 616 854 699 luisse,
886 616 945 682 sed
977 615 1169 698 Lucidum,
1186 615 1232 679 ita
1261 615 1295 680 in

155 730 316 796 nonnullis
342 727 553 794 monumentis
577 737 610 792 et
631 726 719 811 quod
750 727 882 792 maximi
913 743 962 794 eet
992 728 1163 811 momenti,
1195 727 1241 792 ita
1261 727 1294 792 nr

156 842 391 930 Martyrologio
413 841 559 906 Romano
581 833 744 904 vocatum!
790 837 943 906 Difficilis
966 849 1050 905 certe
1073 863 1123 904 res
1146 848 1196 905 est
1221 862 1294 904 eum

156 953 321 1019 Bonachio
345 953 519 1037 disputare,
543 951 596 1017 cui
618 952 791 1017 auctoritas
814 953 953 1017 virorum
970 951 1216 1035 Veronensium,
1239 951 1295 1035 qui

156 1075 278 1132 vastam
294 1065 454 1130 habebant
468 1063 615 1129 notitiam
630 1063 772 1129 omnium
796 1073 1084 1146 monumentorum,
1107 1060 1195 1128 urbis
1218 1086 1295 1128 suae
1352 1057 1354 1062 ¹

156 1188 321 1264 paternae,
344 1179 396 1244 cui
418 1201 496 1242 sana
520 1185 707 1261 argumenta
729 1186 761 1242 et
788 1174 1030 1263 probahillimae
1055 1175 1193 1240 rationes
1216 1174 1295 1239 nihil

154 1291 277 1368 valent3
299 1299 407 1354 tamen
428 1289 458 1354 ei
479 1288 513 1351 in
535 1287 651 1352 malam
674 1297 796 1374 partem
817 1287 946 1353 minime
961 1288 1064 1373 accipi
1079 1287 1184 1371 dehet,
1208 1286 1296 1372 quod

157 1400 393 1488 Martyrologio
415 1411 447 1466 et
468 1399 532 1466 illis
555 1399 621 1480 suis
645 1401 857 1466 monumentis
879 1409 1000 1464 tantam
1022 1399 1120 1488 fidem
1141 1399 1295 1481 attribuit,

157 1512 220 1577 hoc
242 1511 338 1576 modo
361 1513 444 1578 enim
466 1521 589 1578 tantum
608 1536 699 1578 suam
715 1512 905 1578 contrariam
922 1511 1110 1578 sententiam
1126 1507 1296 1576 defendere

157 1632 273 1708 potest.
296 1665 336 1674 -
382 1625 470 1712 Cap(
485 1625 545 1690 IV.
573 1629 625 1708 e'a,
660 1647 741 1710 quae
768 1623 803 1691 S.
826 1624 965 1689 Zenonis
997 1622 1151 1710 epocham
1182 1631 1296 1708 quarto

157 1737 286 1804 saeculo
317 1737 583 1804 manutenendam
618 1738 723 1802 facere
753 1735 958 1818 videbantur,
991 1735 1119 1811 sublata
1136 1739 1203 1823 jam
1225 1757 1296 1800 esse

157 1830 341 1915 confidens“
364 1851 503 1934 rationes
527 1871 584 1936 pro
607 1871 667 1914 sua
688 1848 845 1914 sententia
867 1848 982 1914 iterum
1005 1848 1121 1934 repetit
1144 1847 1295 1912 affirmat-

158 1982 232 2043 que,
254 1959 406 2024 Veronae-
423 1959 627 2025 traditionem
654 1968 852 2026 constantem
878 1957 977 2026 fuisse
999 1958 1040 2026 de
1062 1959 1214 2048 martyrio
1236 1959 1296 2022 Ze*

159 2070 250 2136 nonis
273 2070 334 2135 sub
358 2069 507 2137 Gallieno
528 2071 734 2156 Imperatore.
765 2071 805 2135 In
818 2071 1054 2137 Dissertatioue
1068 2071 1113 2136 Π.
1128 2071 1296 2154 rationum,
1416 2064 1418 2068 ’

159 2205 238 2266 quas
254 2182 420 2248 Balleriuii
435 2206 493 2275 pro
510 2205 578 2248 sua
591 2183 748 2248 sententia
769 2190 801 2248 et
823 2193 934 2248 contra
955 2184 1143 2272 martyrium
1158 2183 1300 2248 Zenonis.

157 2297 364 2380 protulerant,
387 2319 520 2360 examen
541 2302 573 2360 et
583 2293 741 2382 judicium
757 2293 871 2361 iterum
891 2297 1016 2380 repetit,
1039 2305 1071 2360 et
1085 2296 1186 2379 affert,
1208 2293 1298 2380 quod

155 2413 222 2493 jam
243 2408 276 2470 in
299 2409 402 2493 primo
424 2409 542 2474 fecerat
563 2407 735 2494 opusculo,
761 2409 945 2474 testimonia
971 2432 1030 2494 pro
1053 2406 1212 2494 Martyria
1235 2407 1296 2471 Za-

159 2518 251 2582 nonis
273 2541 374 2602 eaque
395 2519 626 2604 praestantiora
647 2542 719 2585 esse
741 2519 948 2586 demonstrat.
971 2561 1012 2570 -
1044 2517 1297 2606 Agnoscendum

159 2640 209 2694 est
238 2629 380 2694 studium
413 2640 445 2694 et
476 2629 637 2695 laudanda
667 2621 901 2718 perseverantia
927 2632 1098 2714 Bouachii,
1130 2631 1186 2715 qui
1217 2629 1296 2694 nihil

158 2742 408 2827 praetermittere
429 2742 544 2826 voluit,
573 2752 608 2807 ut
630 2743 765 2827 Zenoni,
794 2746 1048 2828 quem·sortasse
1069 2743 1241 2830 praecipuo
1263 2743 1296 2807 in

157 2854 277 2918 honore
303 2853 428 2939 habuit,
456 2855 604 2942 martyris
631 2857 767 2942 gloriam
795 2855 1043 2944 adjudicandam
1069 2879 1140 2923 esse
1162 2855 1296 2933 demon-

157 2977 286 3050 straret,
319 2991 417 3052 quare
448 2967 543 3032 etiam
577 2976 643 3032 tam
675 2968 791 3034 acriter
817 2969 911 3034 tertio
933 2969 1061 3035 saeculo
1083 2993 1157 3034 eum
1179 2989 1297 3055 ponere

157 3080 347 3162 conabatur,
370 3090 403 3145 at
424 3080 554 3145 minime
577 3103 650 3145 curu
673 3079 729 3144 illa
750 3079 902 3147 historiae
924 3091 956 3146 et
970 3079 1168 3165 antiquitatis
1184 3079 1298 3144 notitia

158 3211 239 3273 opus
262 3213 355 3254 suum
381 3192 537 3275 suscepit,
564 3202 600 3255 ut
621 3193 764 3257 omnium
786 3179 914 3258 laudem
936 3192 999 3258 sibi
1020 3202 1155 3277 pareret.
1199 3190 1297 3259 Certe

158 3299 219 3364 nisi
234 3300 359 3387 Maffeji
374 3309 406 3366 et
419 3301 665 3366 Balleriniorum
680 3303 868 3370 haberemus
890 3303 1139 3387 dissertationes
1162 3301 1297 3368 fortasse

157 3435 207 3476 res
230 3412 373 3477 nondum
396 3412 437 3478 ad
458 3411 618 3498 liquidum
640 3416 805 3499 explorata
823 3426 920 3482 esset:
944 3421 1012 3504 ejus
1027 3419 1074 3483 rei
1089 3438 1186 3481 causa
1201 3413 1297 3479 etiam

157 3521 234 3588 (lum
266 3524 393 3590 illorum
425 3526 565 3590 virorum
593 3549 690 3612 opera
718 3526 758 3592 ab
772 3509 932 3594 omnibus
955 3528 1059 3594 doctis
1082 3549 1199 3612 magno
1222 3547 1296 3590 cum

157 3633 275 3718 gaudio
304 3635 443 3702 salutata
470 3647 559 3720 sunt,
592 3637 816 3706 Bonaohianas
844 3640 1083 3714 dissertationes
1111 3631 1298 3724 paucissimi

158 3744 328 3830 scriptores
351 3749 406 3814 vix
427 3749 584 3841 historico
605 3751 701 3816 modo
724 3760 989 3834 commemorant,
1012 3749 1170 3837 judicium
1194 3749 1240 3815 de
1257 3749 1297 3814 iis

157 3880 250 3920 nemo
273 3858 360 3942 tulit,
383 3860 471 3944 quod
493 3870 641 3946 testatur,
665 3864 788 3928 minimi
810 3887 864 3929 eas
886 3862 957 3928 fieri
979 3861 1123 3927 edoctis
1147 3862 1234 3928 viris.
1254 3900 1296 3948 .-

158 3967 300 4052 Omnes,
332 3971 388 4066 qui
414 3982 488 4058 post
510 3973 756 4039 Balleriniorum
781 3974 952 4040 editionem
976 3973 1183 4057 scripserant,
1217 3972 1297 4037 nihil

156 4079 231 4143 noui
253 4078 516 4176 protuleruntad
539 4085 713 4152 antistitem
736 4093 881 4150 nostrum
903 4083 1138 4152 illustrandum.
1170 4151 1173 4156 ,

162 4247 170 4258 ,
214 4183 409 4284 ,Π’“Αιιάπ·εαε.
435 4187 627 4286 Gallcucliae
656 4194 826 4280 Presbyter
844 4194 1138 4284 ‘Congregatiouis
1155 4194 1298 4261 Oratorii

155 4306 188 4368 in
211 4305 469 4393 Prolegoruensis
497 4306 538 4372 ad
561 4307 651 4372 Tom.
675 4307 716 4372 V.
743 4305 965 4376 Bibliothecae
987 4309 1142 4376 Veterum
1164 4307 1301 4390 Panum
