3012 4936
736 233 777 300 84

187 396 237 462 ed.
253 395 432 461 Frambotti
457 394 577 474 1648,“
601 395 762 460 Zenonem
785 393 880 458 tertio
903 393 1023 458 vixisse
1047 392 1175 458 saeculo
1198 391 1333 460 demon·

188 519 282 574 strat:
307 519 375 574 erat
390 518 495 574 autem
512 507 554 574 ad
576 507 611 573 id
633 511 698 572 fere
721 515 850 572 coactus
873 503 969 570 fidem
986 489 1134 570 'tribuens
1156 506 1334 590 traditioni,

188 621 277 686 nullo
309 630 396 685 certo
427 621 610 685 testimonio
645 619 884 705 comprobatae,
919 615 1106 703 episcopum
1133 617 1334 703 Euprepium

188 743 332 819 tempore
347 732 436 796 Petri
457 732 594 816 apostoli
616 731 746 813 vixisse,
769 717 941 796 Proculum
965 737 1070 794 autem
1094 739 1243 814 quartum
1267 733 1334 816 epi-

190 869 335 932 scopum,
352 846 437 910 circa
464 869 514 908 an.
543 844 600 909 sal.
633 843 885 909 ducentesimum
921 863 1044 927 ponens
1078 843 1227 926 (putabat
1250 846 1333 908 enim

190 959 252 1024 hoc
274 968 418 1042 ternpore
432 957 583 1020 ¹Firmum
608 966 640 1021 et
661 955 830 1022 Rusticum
854 963 998 1020 mortuos
1017 977 1107 1032 .esse;
1130 953 1223 1019 aliter
1239 957 1333 1021 etiam

192 1079 375 1157 computare
398 1091 462 1132 non
477 1069 617 1154 potuerit
639 1067 792 1133 rationem
815 1065 1006 1147 traditionis,
1029 1088 1126 1149 quam
1141 1068 1222 1130 tanti
1237 1070 1332 1132 aesti-

193 1183 326 1268 mabat).
352 1180 473 1247 Scribit
487 1180 662 1244 Panvinius
678 1179 751 1244 Lib.
767 1179 809 1243 V.
833 1202 902 1265 cap.
918 1178 978 1245 Vl.
1000 1201 1065 1265 pag
1080 1182 1109 1242 7.
1127 1179 1202 1244 108:
1229 1177 1328 1260 ,Om-

192 1294 280 1359 nium
303 1293 465 1358 annalium
489 1301 639 1358 constans
661 1285 837 1376 firmusque
861 1312 1035 1356 consensus
1067 1299 1131 1372 est,
1172 1291 1328 1356 Zenonem

192 1417 341 1472 octauum
364 1406 551 1490 episcopum
576 1404 674 1470 fuisse
696 1403 916 1470 Veronensem
939 1426 1074 1488 eumque
1094 1401 1233 1469 Gallieni
1249 1402 1331 1487 Imp.

192 1528 337 1604 tempore
360 1518 499 1581 maxime
523 1516 679 1581 floruisse.
711 1517 871 1581 Zenonem
895 1524 1000 1581 antem
1026 1514 1081 1579 alii
1102 1514 1334 1598 Veronensem,

193 1629 248 1694 alii
271 1653 346 1694 vero
371 1628 532 1695 Graecum
555 1637 588 1693 et
609 1629 689 1692 forte
711 1629 817 1693 verius
841 1628 1045 1713 scripserunt.
1090 1626 1221 1715 Quippe
1242 1632 1335 1714 cujus

193 1764 375 1808 sermonum
408 1729 533 1826 phrasis
566 1741 788 1826 graecanicum
820 1741 937 1816 nescio¹
960 1739 1038 1825 quid
1069 1763 1108 1806 ac
1130 1741 1334 1826 peregrinum

192 1852 336 1919 redolere
358 1848 486 1916 videtur
488 1900 592 1922 .....
637 1851 764 1915 Natura
785 1873 860 1916 vero
883 1852 928 1916 ita
947 1851 1070 1918 affabili
1088 1852 1221 1936 mitique
1235 1853 1335 1918 fnisse

193 1977 396 2046 memoratur,
419 1962 534 2046 utqui
556 1985 628 2026 enm
652 1960 807 2028 adiissent
828 1987 949 2046 omnes,
972 1963 1079 2029 Deum
1096 1963 1333 2049 quodammodo

193 2077 226 2141 in
240 2099 288 2142 eo
306 2075 453 2141 'venerari
476 2079 696 2160 cogerentur.“
854 2145 859 2156 ,
1039 2137 1043 2142 .

294 2189 451 2254 Antonine
473 2190 669 2253 Posaevimns
692 2187 725 2254 S.
748 2187 782 2256 J.
806 2191 883 2273 (nat.
910 2189 993 2256 1534
1015 2188 1180 2271 Mantuae,
1203 2192 1226 2272 †
1251 2190 1331 2254 1611

194 2301 362 2385 Ferrarae)
385 2301 418 2362 in
437 2298 609 2385 ·Apparatu
631 2295 730 2363 Sacro
754 2296 909 2365 Coloniae
932 2301 1131 2386 Agrippinae
1155 2301 1249 2367 1608.
1281 2301 1334 2364 fol.

194 2412 286 2477 Tom.
301 2410 346 2474 ΙΙ.
369 2431 443 2497 pag.
458 2411 539 2492 553,
571 2419 671 2474 totam
702 2411 767 2476 fere
795 2410 879 2478 Sixti
906 2411 1057 2480 Senensis
1084 2413 1199 2499 repetit
1221 2435 1334 2478 censu-

194 2548 277 2608 ram,
309 2523 397 2590 Petri
420 2521 460 2588 de
482 2522 656 2588 Natalibus
679 2532 710 2587 et
731 2524 865 2591 Baronii
886 2525 1007 2612 profert
1029 2526 1232 2609 sententiam,
1260 2549 1335 2612 pro-

194 2637 296 2724 priam
320 2649 427 2702 antem
450 2660 515 2701 non
537 2635 666 2701 indicat.
1078 2629 1081 2636 ¹

295 2749 434 2816 Jorlocns
457 2749 583 2827 Caecius
604 2750 637 2814 in
662 2747 846 2829 „Thesauro
861 2746 1046 2834 Catholico,
1069 2751 1185 2834 inquo
1208 2757 1335 2813 contro-

194 2861 315 2926 versiae
346 2860 424 2924 fidei
454 2859 672 2945 explicantur?
705 2857 861 2926 Coloniae
894 2863 978 2926 1599
1009 2861 1095 2945 apud
1129 2859 1335 2940 anntelium

195 2972 356 3036 Zenonem
379 2993 429 3034 an.
453 2970 518 3034 260
539 2970 659 3033 vixisse
682 2967 762 3034 dicit
783 2968 1004 3055 permultaque
1038 2971 1115 3032 citat
1145 2993 1184 3033 ex
1206 2966 1334 3032 Zenone

193 3085 266 3148 loca
287 3091 380 3146 utens
403 3079 544 3147 editione
567 3081 710 3164 Bagatae
732 3088 765 3142 et
786 3078 919 3159 Peretti,
943 3078 1032 3163 quod
1052 3089 1141 3166 patet
1163 3103 1203 3148 ex
1226 3102 1333 3145 emen-

195 3195 271 3262 dato
293 3203 398 3276 textu,
422 3191 639 3276 quemaffert.

184 3358 186 3362 .
296 3303 418 3393 Caspar
440 3305 595 3370 Bartbiua
617 3303 649 3367 in
672 3302 940 3369 Adversariorum
961 3303 1116 3372 librorum
1134 3305 1210 3371 LX.
1233 3306 1333 3370 Fran-

195 3417 311 3484 cofurti
335 3418 427 3483 1624.
452 3414 501 3482 ed.
524 3415 723 3484 Aubriorum
739 3425 782 3482 wet
804 3414 977 3482 Schleichii
1000 3417 1100 3502 Tum.¹
1113 3419 1138 3484 Ι.
1162 3443 1230 3505 cap.
1253 3416 1332 3482 XV.

194 3529 268 3595 Lib.
290 3528 401 3594 XLII.
425 3528 485 3595 ool.
511 3529 595 3595 1895
622 3530 772 3616 explanat
797 3529 966 3596 nonnullas
989 3531 1127 3598 Zenonis
1150 3531 1332 3614 sententiaa,

196 3641 357 3707 admirans
382 3640 580 3723 „doctissimi
603 3642 663 3705 viri
685 3641 876 3728 elegantiam
904 3653 936 3708 et
962 3643 1207 3709 eruditionem“:
1234 3667 1333 3709 anno·

194 3755 331 3820 tationes
354 3762 386 3818 et
408 3753 646 3819 observationes
670 3758 738 3840 ejus
761 3755 856 3820 etiam
871 3755 1036 3821 Ballerinii
1057 3779 1175 3842 magna
1189 3779 1229 3822 ex
1243 3765 1333 3844 parte

194 3867 403 3954 repetiemnt,
434 3875 541 3932 tamen
568 3865 732 3940 fatendum
754 3867 847 3932 nobis
870 3878 932 3951 est,
963 3869 1118 3933 rationem
1141 3866 1333 3955 explicandi,

196 4001 291 4062 quam
314 3978 347 4042 in
369 3981 437 4064 ejus
460 4001 556 4064 opere
577 3979 772 4062 invenimus,
804 3979 901 4066 longe
928 4002 947 4044 a
972 4003 1048 4044 vero
1075 4003 1170 4047 sensu
1198 3981 1332 4046 alienam

195 4089 289 4178 nobis
312 4089 432 4174 videre,
457 4113 557 4176 quare
577 4092 780 4178 paucissimis
793 4101 918 4156 tantum
933 4093 1123 4178 conjecturis
1140 4097 1207 4180 ejus
1223 4117 1331 4160 assen-

195 4201 250 4270 tiri
280 4225 461 4288 possumus.
488 4244 530 4253 -
575 4203 649 4269 Lib.
673 4203 785 4268 XLII.
818 4225 886 4287 cap.
908 4201 1040 4270 XVIH.
1073 4205 1221 4272 observat
1250 4207 1331 4276 Bar-

101 4311 107 4324 '
196 4315 302 4397 thius,
329 4325 450 4382 tantam
478 4341 548 4384 esse
577 4339 760 4384 sermonum
786 4316 914 4380 illorum
943 4316 1017 4403 (sub
1044 4319 1172 4384 nomine
1194 4318 1333 4384 Zenonis
