3012 4936
717 245 756 312 ti

151 405 319 492 religione
342 405 522 488 laboribus,
545 405 577 470 in
593 406 866 491 oppugnationum
888 405 1039 473 fluctibus
1055 405 1131 472 dato
1147 408 1309 494 praeclaro

154 527 189 584 et
212 517 296 583 fidei
320 527 352 582 et
375 505 500 582 uirtutis
523 516 715 604 episcopalis
731 519 925 602 testimonio,
949 519 1194 606 Veronensique
1207 521 1309 586 eccle·

156 629 209 694 sia
230 627 423 694 mirabiliter
443 651 481 694 ac
503 627 565 713 pie,
578 639 683 716 gesta,
707 629 837 697 defflum
860 629 1171 698 multls'oumulatus
1187 621 1308 698 meritis

157 739 203 804 od
243 741 421 826 praemium
456 741 536 806 abiit
572 741 605 805 in
643 741 798 809 coelum.“
852 744 891 808 ln
924 739 1129 809 adnotatione
1161 765 1235 831 pag.
1251 746 1308 810 90:

161 851 218 934 „S.
244 852 357 935 Zeno„
372 853 554 942 Episcopus
577 863 609 920 et
631 854 773 942 Martyr‚
802 863 838 921 ut
860 879 900 920 ex
923 856 957 923 S.
979 854 1135 941 Gregorii
1161 855 1308 921 testimo-

159 965 284 1030 moniis
306 955 402 1050 atque
429 989 468 1032 ex
499 966 588 1042 omni
620 967 851 1055 martyrologio
885 975 1023 1034 constat:
1058 965 1156 1052 idque
1187 968 1307 1052 pluries

157 1059 362 1152 ostenditur.
375 1078 407 1142 in
437 1078 536 1162 libro,
568 1080 624 1164 qui
655 1071 696 1145 de
723 1077 782 1147 SS.
805 1079 978 1167 Episcopis
1001 1079 1242 1146 Veronensibus
1274 1080 1307 1144 in

155 1187 266 1253 lucem
290 1188 357 1254 edit
343 1197 396 1254 tus
420 1200 469 1256 est
491 1189 657 1276 (videlicet
671 1192 817 1289 Bagatae
831 1202 864 1258 et
877 1191 1024 1277 Peretti).
1061 1191 1167 1256 Hoo'
1159 1215 1230 1277 ipso
1246 1190 1305 1256 die

157 1300 367 1387 martyrium,
390 1281 450 1366 VI.
464 1300 514 1366 Id
531 1301 612 1367 Dec.
636 1301 823 1386 Ordinatio,
846 1303 923 1369 Vll.
939 1299 1011 1369 Cal.
1025 1301 1118 1367 ‚Iunii
1140 1304 1306 1368 translatio

157 1409 314 1476 Veronae
337 1411 544 1478 celebraturf‘

269 1525 454 1592 Ballaaar
444 1547 478 1592 m
509 1547 568 1590 suo
594 1525 831 1614 Martyrologio
864 1522 1048 1611 (Tractatus
1083 1523 1123 1590 de
1154 1525 1305 1612 martyrio

160 1633 372 1722 Sanctorum)
395 1647 486 1702 sexto
508 1637 559 1706 Id.
582 1637 787 1704 Decembris:
812 1635 953 1723 '„Apud
975 1636 1138 1702 Veronam
1161 1637 1194 1704 S.
1218 1637 1305 1704 Zeno

157 1744 346 1832 Episcopus
369 1759 401 1815 et
423 1747 631 1816 Confessor.“

264 1859 383 1926 Omnia
415 1859 659 1948 martyrologia,
693 1883 775 1944 quae
800 1858 967 1944 hucusque
995 1859 1163 1927 citavimus
1196 1863 1302 1947 apri-

158 1972 244 2038 vatis
276 1973 485 2058 scriptoribus
519 1995 636 2059 magna
666 1995 706 2037 ex
732 1981 823 2056 parte
846 1971 977 2057 proprio
1000 1981 1089 2048 motu
1106 1953 1303 2062 'conscripta

161 2063 366 2169 quamquam·
379 2086 413 2150 in
434 2085 583 2151 Ecclesia
609 2084 873 2168 aestimabantur3
904 2106 1068 2169 utinquam
1098 2086 1303 2173 praecipuam

160 2193 323 2262 habebant
343 2197 576 2262 auctoritatem.
620 2195 679 2276 Ed
690 2187 843 2283 Gregorii
858 2196 957 2261 XI'lI.
974 2196 1011 2260 P.
1027 2197 1075 2261 M.
1099 2220 1199 2282 usque
1221 2208 1302 2288 tem-

160 2329 241 2392 pora
261 2305 385 2376 nullum
407 2333 518 2376 eorum
540 2309 663 2396 priores
686 2309 798 2374 habuit
823 2317 951 2394 partest.
979 2309 1140 2395 episcopis
1174 2311 1302 2376 omnino

161 2420 281 2486 iactum
303 2432 354 2487 est
375 2422 570 2488 arbitrium'
562 2447 596 2486 m
618 2403 778 2508 eligendo.¹
825 2421 906 2486 Fere
934 2421 1041 2486 omnia
1063 2422 1158 2488 citata
1182 2431 1301 2522 marty·

163 2530 287 2634 rologia
308 2531 469 2598 Zenonem
484 2535 668 2621 Martyrem
697 2555 768 2598 esse
795 2531 958 2615 dirierunt,
985 2555 1105 2598 omma
1115 2533 1148 2600 S
1173 2532 1300 2636 Grego-

93 2697 95 2703 ,
163 2642 245 2708 rium
268 2642 396 2708 ducem
406 2654 515 2710 secuta
537 2653 621 2710 sunt
664 2643 740 2714 Hoc
762 2636 873 2708 modo
881 2627 1054 2710 auctoritas
1070 2644 1221 2730 Gregorii
1243 2668 1302 2729 pro

162 2753 290 2820 illorum
311 2756 454 2821 omnium
477 2765 541 2822 stat
562 2755 768 2822 auctoritate:
791 2754 879 2840 quod
901 2765 1005 2822 autem
1028 2756 1061 2820 in
1075 2755 1194 2843 paucis
1218 2755 1301 2822 Gre-

160 2867 244 2951 gorii
265 2869 438 2932 aucton'tas
458 2868 649 2933 nominatim
671 2885 734 2932 non
757 2867 900 2950 affertur,
920 2875 956 2932 et
976 2877 1084 2948 tamen
1098 2869 1186 2934 Zeno
1210 2868 1300 2934 Mar-

159 2987 213 3065 tyr
234 2987 380 3063 vocatur,
403 2978 437 3044 id
459 2980 529 3074 sine
551 2981 618 3045 ullo
640 2979 739 3046 dubio
759 2979 855 3066 hujus
869 2981 915 3045 rei
930 3001 1027 3046 causa
1040 2989 1165 3060 tanturn
1181 2979 1300 3046 sactum

159 3099 227 3173 est,
259 3090 336 3175 quia
365 3101 511 3158 auctores
529 3114 655 3158 ‘eorum
679 3091 830 3178 Gregorii
851 3088 1070 3158 testiinonium
1092 3102 1165 3159 ante
1187 3093 1299 3160 oculos

159 3200 327 3268 habebant.
526 3193 528 3198 ’

261 3313 396 3401 Majoris
418 3307 522 3398 possit
543 3337 614 3381 esse
635 3315 832 3382 monumenti
854 3315 933 3380 haec
957 3315 1202 3382 circumstantis
1210 3313 1299 3401 quod

157 3424 191 3490 in
213 3425 442 3513 Mar-typolapt‘o
463 3429 606 3510 Romano
628 3429 733 3516 (jussu
755 3427 906 3514 Gregorii
927 3427 1026 3496 XIII.
1049 3427 1136 3496 edito
1150 3427 1297 3508 Venetiis

160 3537 243 3602 1597
266 3559 316 3624 ap.
340 3536 514 3602 Zalterium
528 3560 612 3604 cum
640 3539 898 3606 annotationibus
921 3538 1071 3608 Caesaris
1092 3539 1208 3608 Sorani
1229 3539 1296 3606 Ba·

157 3647 254 3730 ronii,
277 3648 363 3714 etin
385 3651 528 3716 omnibus
549 3651 818 3736 subsequentibus
841 3651 1050 3738 editionibus)
1066 3651 1155 3714 Zeno
1169 3651 1297 3740 Martyr

157 3758 483 3848 reciteturpag.162
505 3762 556 3833 ed.
582 3763 648 3828 cit:
676 3763 843 3848 „Veronae
866 3761 1031 3849 passio-S.
1053 3759 1193 3828 Zenonis
1214 3762 1294 3848 Epi·

158 3872 263 3958 scopi,
295 3873 351 3957 qui
382 3875 465 3941 inter
494 3875 652 3961 procellas
679 3876 909 3964 persecutionis
932 3897 1002 3939 eam
1024 3873 1193 3940 ecclesiam
1215 3874 1296 3940 mira

156 3985 336 4050 constantia
355 3987 545 4072 gubernavit
566 3999 599 4056 et
621 3987 762 4055 Gallieni
783 3997 927 4071 tempore
949 3985 1101 4073 martyrio
1124 3995 1293 4054 coronatus

155 4105 207 4161 est
232 4095 335 4181 (Pn'd.
358 4099 407 4165 Id.
430 4101 579 4188 Aprilis).
614 4121 688 4186 pag.
707 4099 787 4164 5502
822 4097 942 4180 „Sexto
963 4097 1014 4163 Id.
1041 4096 1123 4161 Dec.
1146 4095 1294 4166 Veronae

153 4207 313 4274 ordinatio
342 4211 376 4278 S.
399 4212 537 4278 Zenonis
563 4211 749 4298 Episcopi.“
777 4243 819 4258 ν·-
863 4209 937 4274 Hac
963 4209 996 4274 in
1024 4207 1164 4276 editione
1190 4212 1292 4278 Baro·

153 4319 239 4404 nius,
268 4331 304 4388 ut
324 4326 392 4409 jam
418 4347 515 4410 supra
531 4321 763 4388 ¹adnotavimus
791 4322 823 4386 in
850 4321 1092 4390 difficultatibus
1120 4345 1190 4388 sese
1214 4323 1291 4388 offe-

192 4443 342 4509 Jaiuiewskl,
356 4461 425 4500 Zeno.
1068 4431 1086 4493 5
