3012 4936
740 231 780 296 88

188 394 279 460 illum
303 392 344 458 dc
367 392 609 480 quadringentis
629 393 719 456 annis
735 392 865 477 profert,
888 399 1039 474 notatque
1055 412 1128 454 eum
1143 389 1175 452 in
1191 387 1334 454 secunda

189 504 329 598 editione
345 507 378 571 in
391 516 553 570 trecentos
570 506 648 592 (sic)
664 512 909 568 transmutatum
925 508 1032 567 csse“:
1054 501 1181 574 Asserit
1203 523 1334 586 quoque

189 619 222 682 in
245 617 405 682 nonnullis
429 617 630 682 sermonibus
652 616 767 680 Arium
795 624 1016 701 oppugnatum
1048 635 1132 678 esse:
1162 613 1196 676 in
1219 614 1334 679 ceteris

188 730 380 812 Emanium,
418 730 546 796 Sixtum
579 727 768 809 senensem,
806 726 1038 790 Bellarminum
1074 724 1228 808 sequitur.
1283 725 1334 790 Ex

190 845 258 927 ejus
282 842 374 928 vagis
396 841 600 926 opinionibus
623 850 725 925 patet,
754 863 821 902 rem
835 839 878 904 ·ei
904 838 999 922 plane
1025 837 1123 901 fuisse
1151 836 1333 920 obscuram,

190 975 294 1037 neque
317 952 496 1017 mirandum
520 975 612 1038 erge,
637 951 724 1036 quod
746 952 780 1042 in
797 952 859 1015 fine
874 951 1037 1018 Zenonem
1059 946 1187 1012 omnino
1212 971 1331 1036 suppo·
1371 1041 1373 1045 y

190 1065 322 1129 sititium
348 1087 418 1129 esse
442 1087 554 1129 vocare
577 1088 639 1127 non
664 1063 865 1128 dubitaverit.
1311 1136 1315 1144 Ι

290 1178 331 1241 R.
355 1179 393 1240 P.
422 1178 608 1263 lbeopbilaa
631 1178 830 1262 Ragnaadus
852 1197 892 1238 ex
915 1172 948 1240 S.
964 1173 997 1238 J.
1020 1173 1053 1237 in
1076 1196 1127 1259 op.
1147 1171 1326 1237 Erotemata

190 1286 230 1352 de
256 1289 349 1353 malis
377 1299 410 1353 et
436 1289 529 1353 bonis
556 1289 646 1352 libris
673 1297 732 1352 501.
761 1277 914 1373 Lugduni}
940 1287 1022 1355 1653
1045 1306 1118 1370 pag.
1143 1284 1202 1348 158
1222 1282 1324 1346 Parti-

189 1399 275 1464 tione
297 1400 555 1480 I.'erotem.‘X.
584 1399 617 1464 id
650 1409 773 1464 tantum
807 1398 848 1463 de
881 1398 1009 1462 Zenone
1043 1397 1182 1482 prolerre
1215 1402 1329 1480 potest,

190 1511 278 1595 quod
302 1535 406 1577 sermo
430 1514 462 1576 in
486 1512 580 1578 illud:
604 1510 755 1576 Adtende
778 1511 836 1575 tibi
858 1509 981 1575 Basilio
1004 1505 1236 1595 adjudicandus
1259 1506 1310 1570 sit.

294 1627 482 1689 Ednnrndas
497 1624 679 1690 Albcrta’aas
694 1624 725 1686 in
742 1647 794 1708 op.
810 1623 862 1686 De
877 1620 1098 1709 Eucharistiae
1120 1619 1187 1684 siva
1203 1618 1331 1685 Coenae

189 1732 380 1798 Dominicac
408 1735 613 1800 Sacramento
641 1735 733 1798 Libri
755 1734 817 1796 ΙΠ.
866 1732 1168 1797 Daventriae1654
1190 1730 1264 1794 Lib.
1287 1730 1329 1795 Π.

189 1867 262 1930 pag.
289 1839 350 1908 703
374 1868 414 1907 cx
436 1845 578 1925 Zenone,
606 1854 735 1907 auctore
758 1843 996 1928 elegantissimo
1003 1895 1012 1927 ‚
1039 1843 1137 1930 vulgo
1161 1840 1328 1930 dicto'Ze·

189 1955 499 2020 none.Veronense“
533 1956 625 2039 plura
658 1956 749 2038 citat,
781 1954 867 2020 idem
894 1979 967 2042 pag,
991 1957 1064 2021 317.
1091 1955 1164 2019 Lib.
1190 1954 1235 2017 II.
1259 1979 1328 2041 pag.

188 2057 689 2150 535,896510.151115115111115111
712 2069 834 2133 auctori
857 2067 1061 2134 adscribendi
1084 2068 1147 2132 sint
1169 2089 1329 2132 sermones

190 2179 279 2245 citati
301 2203 365 2244 non
388 2180 499 2262 habet,
524 2179 611 2264 quod
634 2180 729 2244 dicat.

291 2294 444 2378 Georgius
458 2295 575 2356 Bullua
597 2293 676 2374 (nat.
695 2292 790 2373 1634,
814 2294 836 2376 †
855 2294 954 2378 1710)
979 2293 1012 2355 in
1034 2314 1129 2376 opere
1150 2292 1331 2356 notissimo:

189 2402 344 2468 Defensio
366 2401 441 2466 fidei
465 2403 637 2484 Nicaenae‚
662 2400 783 2467 Oxonii
806 2403 977 2469 eTheatro
997 2403 1213 2471 Sheldoniano
1239 2407 1330 2470 1685.

190 2525 266 2580 5501.
289 2515 352 2580 ΠΙ.
376 2537 445 2602 cap.
461 2515 524 2580 IX.
547 2515 628 2582 thee.
653 2518 682 2582 3.
705 2540 779 2602 pag.
802 2518 866 2583 382
889 2541 929 2583 ex
951 2518 1151 2583 sermonibus
1176 2517 1341 2599 „Zenonis

191 2625 358 2712 cujusdam
386 2627 542 2716 Episcopi
569 2627 786 2694 Veronensis“
822 2631 923 2696 multa
954 2632 1053 2714 citat,.
1077 2628 1216 2714 de·un
1249 2631 1332 2712 ,1515

189 2739 392 2804 consentiunt
408 2739 503 2806 bodie
519 2740 634 2806 eruditi
647 2751 682 2808 et
695 2766 745 2806 res
762 2742 833 2825 ipsa
846 2743 968 2809 indicat
982 2744 1119 2827 scriptos
1143 2741 1242 2806 fuisse
1258 2756 1332 2828 post

191 2847 359 2934 Synodum
371 2851 580 2915 Nicaenam“.
605 2849 694 2918 Citat
708 2877 782 2938 pag.
794 2857 857 2919 283
873 2855 980 2918 locum
995 2854 1133 2917 Zenonis
1150 2877 1190 2918 511
1204 2854 1277 2916 Lib.
1287 2855 1332 2916 H.

193 2960 298 3025 Tract.
321 2960 363 3022 V.
387 2983 460 3046 pag.
486 2964 557 3025 147.
581 2985 611 3023 11.
637 2966 664 3030 1,.
689 2963 738 3044 (in
760 2962 835 3025 edit.
859 2963 992 3044 Baller.)
1016 2973 1048 3025 51
1069 2985 1154 3047 pag·
1169 2964 1240 3044 148,
1263 2973 1332 3026 tum
1461 2995 1462 2998 ¹
1488 2936 1490 2948 Ι

190 3096 230 3138 ex
252 3071 357 3136 Tract.
380 3071 444 3134 ΠΙ.
466 3072 539 3137 Lib.
563 3072 607 3134 H.
630 3093 703 3156 pag.
729 3075 788 3136 141
814 3095 862 3155 sq.
886 3096 926 3136 ex
949 3072 1054 3136 Tract.
1077 3071 1137 3135 lV.
1160 3096 1233 3158 pag.
1260 3075 1331 3139 144.

190 3207 229 3250 ex
257 3183 362 3248 Tract.
384 3185 428 3250 Π.
460 3210 533 3273 pag.
560 3187 629 3250 140.
665 3209 704 3250 ex
738 3175 842 3250 Tract.
866 3184 943 3250 VII.
977 3207 1050 3271 pag.
1077 3189 1147 3253 156.
1180 3225 1221 3234 -
1250 3187 1331 3253 baec

190 3297 297 3362 omnia
317 3297 390 3363 loca
412 3299 571 3365 subtiliter
594 3309 624 3364 et
648 3299 732 3364 clare
755 3298 903 3385 explicat.
1298 3365 1303 3378 .

210 3463 213 3470 .
291 3411 446 3476 Ernanacl
472 3412 670 3478 babolenum
707 3413 786 3499 (nat.
824 3413 1028 3496 Antwcrpiae
1058 3414 1160 3495 1648,
1197 3415 1220 3496 †
1249 3415 1332 3480 1692

189 3523 327 3609 Romae)
351 3523 384 3586 in
406 3522 629 3590 dissertatione
651 3525 879 3612 Apologetica:
923 3525 976 3589 Dc
1009 3524 1179 3612 disciplina
1211 3505 1345 3591 Arcani

190 3645 301 3700 contra
323 3634 406 3721 disp.
429 3635 506 3700 Ern.
530 3636 686 3701 Tentzelii
707 3637 833 3702 Patavii
858 3639 950 3702 1743.
973 3639 1020 3702 4⁰.
1044 3640 1072 3722 ᾧ
1084 3638 1114 3703 5.
1137 3660 1210 3723 pag.
1223 3640 1267 3702 56
1282 3661 1330 3721 sq.

190 3747 329 3813 Zenonis
354 3743 588 3832 „antiquissimi
611 3758 643 3814 51
664 3746 863 3816 doctissimi“
888 3749 987 3815 utitur
1013 3749 1213 3814 auctoritate:
1241 3759 1333 3835 putat

190 3885 263 3927 eum
300 3870 408 3927 autem
443 3858 557 3926 eodem
594 3861 659 3926 fere
695 3871 839 3948 tempora
878 3863 1011 3945 vixisse,
1049 3885 1113 3946 quo
1147 3861 1330 3952 Cyprianus

193 3973 344 4040 floruerit.
553 4057 556 4064 Ι
845 4023 847 4030 .

232 4127 238 4142 .
291 4089 330 4151 Ρ.
353 4083 527 4174 Philippus
549 4087 657 4154 Labor
685 4085 718 4154 S.
741 4085 774 4152 J.
807 4087 884 4174 (nat.
910 4085 1007 4169 1607,
1035 4089 1057 4171 †
1083 4089 1180 4174 1667)
1211 4089 1245 4152 in
1278 4111 1330 4172 op.

190 4195 278 4280 quod
301 4192 499 4264 inscribitur:
524 4196 795 4279 „Dissertationcs
815 4197 1035 4288 Philologicae
1057 4199 1098 4266 de
1120 4199 1327 4288 scriptoribus

188 4307 413 4380 ecclesiasticis
438 4317 498 4378 ct.“
523 4309 655 4377 Parisiis
683 4311 775 4377 1660.
799 4309 890 4376 Tom.
905 4311 950 4377 Π.
973 4335 1046 4401 pag.
1069 4315 1251 4382 508—512
1273 4335 1323 4378 ar-
