3012 4936
701 255 740 321 re

150 426 293 482 vocatur.
337 395 525 502 Polycrates
549 437 598 484 ex.
620 429 685 500 gr.,'
714 415 884 500 episcopus
905 413 1104 501 Ephesium,
1131 415 1187 499 qui
1208 414 1286 480 seri-

152 530 219 616 psit
241 527 397 594 adversus
412 525 588 610 Victorem,
611 526 798 611 episcopum
813 525 994 592 Romanum
1006 519 1176 612 epistolam
1191 547 1287 613 syno-

153 641 260 706 dicam
287 639 366 704 dicit
392 639 443 724 (ut
469 639 502 702 in
523 638 714 726 Hieronymi
735 635 896 724 Catalogo
921 637 1105 724 habemus):
1150 637 1236 720 „Sed
1258 648 1290 702 et
1351 707 1355 712 ,

150 752 311 834 «loannes,
338 750 393 835 qni
420 771 516 836 super
537 760 650 836 pectus
673 750 806 816 Domini
827 751 973 818 recubuit
995 760 1027 816 et
1048 750 1202 815 Pontifex
1219 750 1288 832 fuit,

153 861 281 927 auream
302 862 451 928 lammam
474 861 508 926 in
530 863 633 929 fronte
655 871 792 948 portans
802 873 922 950 martyr
936 874 969 928 et
983 861 1096 928 doctor
1111 863 1144 926 in
1158 859 1289 946 Epheso

152 973 331 1042 dor·mivit.“
381 973 439 1038 Ita
462 976 558 1040 etiam
580 975 614 1043 S.
630 975 796 1041 ,Joannem
819 960 989 1062 martyrem
1017 985 1111 1040 vocat
1132 977 1289 1061 Hierony·-

151 1111 218 1151 η...
240 1086 273 1150 in
296 1109 364 1170 cap.
380 1087 424 1150 n.
448 1087 481 1152 a
502 1065 623 1170 naa,
641 1089 785 1154 rorem
808 1071 938 1154 ciam
953 1085 1036 1154 aa
1058 1088 1091 1152 in
1114 1087 1216 1151 aomo
1227 1084 1289 1150 111.

149 1197 357 1280 Sermonum,
380 1198 518 1264 infesto
541 1199 574 1266 S.
597 1199 733 1266 Joannis
756 1207 828 1264 ante
850 1198 980 1263 Portam
1003 1198 1161 1263 Latinam.
1205 1198 1288 1263 Bea-

148 1309 275 1374 tissima
297 1307 409 1394 Virgo.
424 1311 530 1376 Maria
552 1335 571 1375 a
593 1311 738 1397 plurimis
761 1309 946 1394 etquidem
972 1311 1183 1374 recentiorum
1209 1319 1289 1374 tem·
1382 1335 1392 1350 ·

149 1444 266 1506 porum
282 1421 465 1486 auctoribus
475 1422 602 1509 Martyr
616 1419 808 1508 vocatur⁰⁰).
819 1461 859 1470 -
874 1420 1076 1486 'Breviarinm
1085 1422 1290 1486 reformatum

151 1531 213 1598 sub
245 1531 297 1597 die
324 1534 375 1598 23.
400 1532 597 1617 Septembris
620 1533 653 1601 S.
676 1531 828 1604 Theclam
861 1543 1033 1620 martyrem
1064 1542 1174 1614 vocat,
1206 1530 1291 1596 idem
1339 1565 1346 1572 -
1396 1593 1401 1599 .

153 1645 340 1710 Domiaieue
362 1646 435 1712 Soio
457 1645 491 1710 in
513 1669 623 1733 opere:
644 1645 683 1710 In
706 1654 854 1730 quartum
870 1643 1106 1720 Sententiarum
1129 1667 1289 1713 commen-

149 1755 223 1820 tarii
244 1755 335 1822 Tum.
351 1756 395 1822 II.
420 1755 632 1824 Salmanticae
657 1759 750 1824 1560.
773 1755 1169 1842 distinctumque.
1192 1764 1249 1820 art
1261 1758 1290 1822 2.

148 1907 191 1916 -
236 1869 270 1934 S.
293 1869 386 1934 Folia
408 1870 554 1936 Nolanus
577 1894 595 1934 a
615 1870 783 1954 permultis
812 1870 1022 1954 scriptoribus
1045 1868 1173 1956 Martyr
1194 1891 1289 1934 voca

149 1988 216 2060 tur,
244 1979 320 2062 quia
341 1979 401 2047 sub
424 1979 528 2046 Decio
557 1980 710 2048 casallo
736 2004 850 2068 passus
878 1992 932 2048 est¹
952 1991 1125 2062 tormenta,
1152 1989 1291 2072 attamen

152 2089 291 2175 denique
314 2089 473 2176 placidam
496 2100 630 2158 mortem
643 2092 733 2158 obiit
749 2093 805 2180 ⁶⁷).
854 2094 1050 2181 Aayustiuas
1072 2091 1113 2158 de
1136 2115 1212 2156 cura
1232 2113 1291 2176 pro

150 2202 298 2268 mortuis‘
308 2201 448 2288 gerenda
470 2202 512 2270 ad
535 2203 644 2270 diuum
659 2207 839 2272 Paulinum
858 2228 926 2291 cap.
943 2203 1003 2268 lv.
1019 2212 1191 2290 martyrem
1205 2203 1291 2268 Feli-

150 2337 219 2378 cem
243 2325 346 2396 vocat,
370 2316 556 2400 praesertim
579 2327 686 2382 autem
706 2317 871 2400 Paulinae,
893 2318 1064 2404 episcopus
1084 2315 1232 2380 Nolanus
1260 2317 1292 2380 in

151 2419 247 2510 opere
258 2449 328 2507 suc,
344 2426 432 2511 quod
444 2428 641 2494 inscribitur:
657 2428 735 2494 Vita
749 2441 780 2496 et
789 2429 943 2503 miracula
952 2429 986 2496 S.
995 2428 1113 2494 Felicis
1125 2427 1290 2514 gloriosis-

152 2535 226 2600 simi
241 2539 390 2623 martyris
405 2539 526 2604 Nolani
542 2539 701 2604 indecem
717 2540 876 2606 natalibus
900 2539 1062 2622 descripta
1084 2540 1132 2624 (in
1147 2519 1291 2618 Tomll.

149 2646 204 2711 fol.
227 2651 299 2714 110.
332 2649 480 2714 Vitarum
503 2651 694 2718 Sanctorum
717 2649 766 2716 ed.
789 2627 914 2737 Aloyaii
936 2653 1130 2738 Lippomaui
1152 2650 1291 2716 Venetiis

151 2761 275 2846 1551);
299 2759 332 2824 in
353 2760 452 2826 natali
474 2762 535 2828 VI.
558 2763 603 2828 ita
624 2762 766 2848 loquitur·
786 2760 955 2829 Paulinus:

306 2883 378 2938 Ecce
396 2882 474 2938 vides
492 2883 624 2938 tumulum
642 2899 718 2971 sacra
735 2883 862 2954 Martyris
880 2899 943 2968 ossa
960 2887 1097 2962 tegentem
1114 2940 1116 2948 ,

302 2977 338 3030 Et
355 2977 466 3033 tacitum
484 2979 596 3056 obtento
615 2978 717 3060 servari
735 2995 869 3034 marmora
887 2993 1000 3048 corpus,
1101 3009 1105 3016 ·
1213 3060 1217 3069 ι
1244 3065 1252 3074 ⁵

303 3071 423 3128 Membra
441 3073 526 3152 latent
543 3073 638 3144 positi:
658 3073 766 3143 placido
785 3090 848 3138 caro
867 3077 953 3128 morte
971 3073 1118 3144 aquiescit“
1137 3080 1188 3130 cte.

250 3182 300 3247 Eo
329 3184 425 3251 modo
453 3210 549 3271 quam
576 3187 714 3273 plurima
740 3169 865 3270 possint
892 3171 997 3250 afferri
1023 3185 1182 3272 exempla,
1210 3169 1292 3270 uuae

147 3302 255 3358 tamen
278 3290 415 3378 amplius
447 3301 629 3378 enumerare
658 3296 1078 3384 supersederepossumus,
1096 3321 1205 3381 ¹(rtrum
1224 3299 1290 3384 jam

149 3411 189 3470 ex
204 3405 290 3472 hisa
312 3407 405 3473 nobis
429 3407 532 3472 allatis
555 3403 672 3495 pateat,
695 3419 762 3474 turn
787 3409 890 3493 quinti
914 3410 1042 3494 saeculi,
1065 3419 1133 3474 tum
1149 3407 1290 3473 omnium

1025 3513 1038 3528 ς
1070 3501 1076 3525 l

152 3591 358 3602 a———.-—

218 3681 260 3756 ⁰2⁶),
271 3681 405 3738 Jounaee
428 3679 595 3754 requerere.
632 3683 694 3740 Ord.
713 3685 809 3740 Praed.
834 3685 862 3740 in
880 3682 1100 3738 Institutionibus
1112 3681 1148 3736 ad
1160 3679 1289 3736 Christia-

149 3789 211 3827 nam
228 3774 407 3847 Theologiam
425 3793 484 3846 usp.
497 3777 544 3833 VI.
563 3777 598 3832 de
616 3777 786 3836 Fortitudine
804 3795 869 3834 vera
886 3778 911 3832 4.
930 3783 958 3833 et
976 3778 1010 3832 de
1027 3757 1158 3847 Murttnio
1177 3777 1218 3829 79.
1240 3777 1290 3830 Le·

148 3868 253 3944 gendes
271 3870 305 3926 de
322 3872 443 3927 Limnias
462 3872 495 3926 de
514 3871 541 3942 la
558 3871 636 3927 Saint
647 3871 748 3943 Vierge
766 3889 815 3942 par
832 3873 959 3942 Auguste
977 3876 1004 3928 et
1020 3873 1096 3928 Leon
1113 3871 1139 3925 le
1156 3871 1215 3946 Pas.
1223 3870 1289 3925 Bru·

149 3961 234 4018 xelles
252 3969 280 4018 et
296 3965 410 4035 Leipzig
429 3968 504 4022 1860.
539 3968 579 4022 La
597 3968 693 4037 Nonne
710 3983 759 4035 par
776 3967 806 4020 L.
825 3966 851 4026 le
869 3967 922 4020 Pas
939 3979 1003 4036 pag.
1014 3966 1057 4020 41.
1102 4001 1105 4007 -

220 4057 254 4126 ⁰⁷)
273 4056 314 4112 Os.
335 4055 497 4132 Graeceius
513 4061 679 4120 Taenareis
697 4061 858 4130 episcopm:
877 4060 911 4114 de
929 4059 1018 4130 gloria
1034 4061 1182 4130 Martyrum
1199 4059 1289 4116 Lina

148 4152 191 4208 ed.
209 4151 351 4208 Ricinartii
368 4154 480 4210 Parisiis
499 4159 574 4214 1699.
593 4155 639 4212 sul.
658 4187 691 4196 -
730 4151 912 4210 Tillerueat.:
928 4153 1089 4228 ,Memoires
1114 4169 1183 4223 pour
1205 4153 1291 4210 servir

148 4247 314 4305 al’histoire
335 4248 541 4323 &aecneaque
558 4257 609 4310 ete.
645 4249 756 4310 Parisiis
774 4249 850 4306 1701.
886 4249 928 4304 ed.
947 4229 1291 4338 11.·T0m.'lv.pag.226

147 4347 175 4396 et
193 4343 251 4398 652.
1067 4351 1071 4362 ’
1280 4369 1290 4382 1
