3012 4936
764 211 804 277 ts

215 367 256 433 ad
283 367 444 453 Siagrinm
471 364 639 450 epistolam
666 369 875 456 (quamquam
902 371 1141 461 doctissimum,
1174 380 1284 462 quod
1314 405 1390 448 ver·
1475 405 1476 494 p

216 479 290 543 burn
313 477 458 543 Bonachi
481 479 652 564 praecipue
675 483 800 566 premit,
823 507 897 548 nam
920 497 952 551 et
975 485 1154 554 doctissimi
1179 489 1391 576 improvida

214 591 413 656 festinatione
436 589 668 676 imprudentiae
690 617 753 660 non
780 619 852 662 raro
884 599 1086 664 committunt
1116 605 1283 690 pecata),
1321 607 1388 670 cri-
1475 637 1476 642 ¹

214 702 291 768 mini
313 705 342 770 ei
365 703 460 788 dans,
484 703 571 790 quod
594 705 657 772 sibi
679 706 738 772 soli
757 707 967 794 judicandum
990 714 1149 797 putaverit
1172 725 1213 780 et
1240 739 1317 781 non
1333 719 1386 782 lu-

213 817 360 882 straverit
382 815 489 880 omnia
510 817 632 883 ratione
654 821 843 905 animoque,
867 845 971 907 neque
993 847 1103 890 eorum
1126 829 1388 894 examinaverit

211 929 406 1012 testimonia,
432 927 519 1015 apud
533 953 614 1015 quos
631 931 747 998 absens
761 956 780 998 a
793 932 924 999 Verona
940 936 1031 1022 virgo
1045 951 1255 1005 commorata
1278 943 1384 1008 fuerit

212 1050 243 1104 et
255 1042 370 1125 quibus
383 1041 525 1126 probitas
537 1052 592 1108 aut
604 1043 790 1128 improbitas
803 1069 927 1111 morum
937 1051 1005 1133 ejus
1017 1049 1130 1116 melius
1141 1051 1249 1118 luerit
1259 1065 1358 1120 nota.

313 1154 470 1219 Bonaohii
492 1164 597 1220 antem
629 1157 807 1241 altercatio,
845 1159 933 1243 quod
964 1161 1155 1228 Ambrosius
1189 1165 1379 1234 Zenonem

210 1266 397 1353 episcopum
421 1267 639 1334 Veronensem
663 1270 903 1354 appellavisset,
931 1273 959 1338 si
980 1272 1054 1338 talis
1076 1274 1205 1360 fnisset,
1234 1279 1376 1344 incom-

210 1378 400 1444 modissima
422 1391 485 1463 est,
508 1380 584 1466 quia
606 1405 670 1446 non
692 1382 936 1470 intelligeretur,
960 1384 1122 1469 quomodo
1144 1389 1376 1474 Ambrosius,

210 1493 265 1574 qui
287 1502 352 1556 tarn
374 1494 455 1558 latas
477 1491 519 1558 ad
542 1493 704 1582 Siagrinm
731 1496 860 1582 scripsit
887 1497 1053 1583 epistolas,
1081 1499 1113 1563 in
1136 1501 1263 1584 quibus
1291 1527 1372 1588 par-

207 1604 298 1669 vulas
321 1627 434 1670 causas
461 1607 491 1672 ei
517 1616 589 1672 ante
617 1608 728 1674 oculos
759 1609 912 1694 ponebat,
946 1608 1188 1695 demonstrans,
1223 1639 1309 1680 eum
1334 1617 1369 1680 in

207 1716 285 1779 vitio
308 1739 389 1800 esse,
411 1726 477 1782 tam
493 1719 599 1804 gravis
615 1707 766 1803 ponderis
781 1731 1003 1807 argumentum
1019 1723 1164 1789 omittere
1179 1727 1368 1811 potuisset,

207 1829 295 1914 quod
323 1831 351 1894 ei
377 1853 428 1895 res
459 1829 530 1914 ipsa
561 1829 727 1912 offerebam
761 1833 789 1897 si
815 1831 899 1898 enim
922 1832 1048 1899 Indicia
1070 1857 1134 1899 non
1157 1835 1365 1921 Veronensi,

207 1942 264 2008 sed
297 1942 352 2006 alii
384 1941 525 2008 dioecesi
558 1942 702 2030 subjecta
734 1943 860 2029 fuisset,
898 1955 967 2010 tum
997 1947 1120 2012 lancem
1152 1947 1364 2033 petulantiae

206 2056 324 2142 Siagrii
346 2080 384 2122 eo
406 2047 519 2142 magis
532 2055 697 2122 accusatio
716 2055 826 2122 violati
844 2057 926 2144 juris
948 2057 1030 2124 alius
1053 2059 1197 2145 episcopi
1213 2059 1357 2148 depres-

205 2169 314 2251 sisset,
341 2178 410 2233 tum
438 2169 532 2234 etiam
555 2167 700 2255 Siagrins
727 2167 767 2233 de
794 2169 910 2254 injuria
936 2171 998 2235 sibi
1024 2171 1109 2236 facta
1130 2173 1351 2255 querimonias
1468 2185 1471 2258 f

205 2279 245 2344 ad
269 2280 477 2345 Ambrosium
500 2280 622 2346 deferre
644 2302 707 2344 non
730 2281 896 2367 potuisset.
1257 2359 1260 2366 Δ

242 2411 249 2426 ·
306 2394 580 2480 Argumentorum
610 2415 741 2458 suorum
774 2415 854 2479 ergo
882 2393 1089 2460 fundamenta
1118 2404 1289 2483 tamquam
1318 2400 1351 2463 in
1475 2477 1476 2488 ,

203 2529 285 2590 aqua
307 2515 430 2590 ponunt
450 2505 635 2572 Bonachius
658 2515 690 2572 et
711 2505 870 2572 Baronius
894 2506 1042 2593 quidem,
1066 2531 1161 2594 quem
1184 2511 1218 2574 in
1240 2512 1350 2576 omni·
1473 2499 1476 2560 l

203 2619 262 2684 bus
286 2642 359 2683 curn
381 2619 435 2703 pia
457 2619 666 2685 admiratione
689 2622 833 2706 sequitur
853 2620 1014 2706 Bonachi,
1043 2623 1223 2710 opinantes,
1251 2622 1347 2688 Indi-

202 2732 285 2794 ciam
308 2727 607 2818 Carthaginiensem
628 2734 728 2798 fuisse
751 2744 783 2798 et
809 2732 940 2818 quidem
967 2759 1063 2800 unam
1090 2735 1216 2799 illarum
1243 2736 1347 2822 virgi-

200 2864 290 2924 num,
325 2841 365 2926 de
393 2843 510 2925 quibus
538 2844 697 2908 Paulinus
723 2845 756 2906 in
786 2846 853 2907 vita
874 2845 1039 2909 Ambrosii
1070 2844 1226 2927 loquitur,
1259 2870 1346 2930 quae

201 2977 271 3018 cum
301 2975 409 3036 sorore
435 2952 602 3018 Ambrosii
632 2953 847 3040 virginitatem
875 2951 1032 3016 colebant.
1081 2953 1188 3017 Unius
1215 2961 1343 3017 tantum

199 3045 331 3149 virginis
366 3065 519 3130 Paulinus
553 3088 669 3130 nomen
700 3064 838 3146 indicat,
872 3084 986 3146 nempe
1020 3059 1187 3129 Candidas
1192 3112 1202 3143 ,
1237 3086 1343 3149 „quae

199 3168 293 3258 nunc',
318 3185 352 3241 nt
374 3178 495 3260 scribit,
519 3177 714 3264 Carthagine
737 3176 833 3261 deget
851 3179 918 3260 jam
940 3179 1054 3242 unus.“
1099 3174 1180 3241 Inde
1201 3175 1246 3241 ita
1262 3200 1340 3243 con-

200 3288 301 3372 cludit
315 3288 474 3353 Bonachi:
496 3313 596 3373 quum
611 3286 761 3368 Candida
779 3310 858 3352 anus
875 3283 1070 3373 Carthagine
1093 3288 1233 3376 degeret,
1257 3289 1338 3357 Car-

199 3401 407 3486 thaginiensis
431 3402 526 3466 etiam
553 3400 664 3466 debuit
690 3424 775 3483 esse,
808 3410 840 3464 et
866 3399 929 3464 alia
956 3423 995 3464 ex
1022 3411 1131 3487 parte,
1162 3425 1259 3486 quum
1281 3400 1334 3463 In-

200 3513 284 3578 dicia
306 3513 393 3578 domi
415 3513 581 3580 Ambrosii
602 3513 729 3599 longius
753 3522 948 3578 commorata
970 3522 1074 3596 esset,
1097 3514 1160 3578 alia
1181 3536 1251 3580 esse
1273 3536 1337 3576 non

200 3626 321 3712 potuit,
353 3649 449 3710 quam
476 3623 643 3693 Candidae
677 3647 782 3708 soror,
814 3649 890 3712 ergo
924 3625 1021 3692 etiam
1047 3622 1336 3710 Carthaginiensis!

199 3740 245 3803 At
275 3759 485 3822 quamquam·
501 3746 567 3801 tarn
599 3760 698 3824 sagax
729 3737 771 3803 ad
802 3735 1029 3825 suspicandum
1057 3735 1118 3800 fuit
1141 3735 1336 3820 Bonachius,

199 3851 317 3916 nemini
339 3872 442 3934 aequo
460 3848 564 3936 judici
586 3833 806 3936 persuadebit,
829 3874 942 3936 parum
965 3857 1037 3934 apte
1060 3856 1242 3932 assumptas
1259 3872 1334 3913 con-

194 3969 348 4049 jecturae,
371 3961 573 4027 beatissimae
595 3963 714 4049 ingenii
736 3963 890 4028 ubertatis
914 3955 996 4042 esse,
1018 3967 1050 4024 et
1072 3979 1236 4024 eversuras
1253 3983 1333 4040 esse,

194 4078 260 4161 jam
284 4097 302 4137 a
325 4075 501 4162 Godcfridc
525 4077 687 4142 Hermaia.
731 4075 793 4139 Vie
820 4069 859 4139 de
875 4073 908 4139 S.
925 4059 1096 4136 Ambroise
1111 4077 1130 4134 a
1144 4069 1235 4134 Paris
1253 4072 1334 4136 1678

198 4186 272 4252 Lib.
283 4187 346 4251 IX.
364 4209 433 4271 cap.
449 4187 543 4254 VIII.
560 4189 679 4274 optime
695 4185 934 4271 comprobatam
957 4183 1156 4264 sententiam,
1179 4182 1333 4246 IndIciam

198 4297 416 4366 Veronensem
438 4299 547 4366 fuisse.
