3012 4936
644 229 735 315 ¹aa

126 385 198 450 his
220 383 370 449 omnibus
392 376 575 463 eligendum
597 385 677 460 quid
700 389 755 459 sit,
782 399 847 440 non
861 401 974 462 potant
996 393 1100 476 nosci,
1123 403 1179 458 aut
1200 417 1287 462 com-

130 493 317 582 prehendi,
341 491 417 576 quia
438 511 502 553 non
524 487 583 552 erit
604 509 664 550 nec
685 485 823 568 firmum,
848 487 935 572 quod
957 489 1055 554 habet
1072 499 1189 556 statum
1206 516 1288 558 aem-

134 608 395 695 perincertum:
427 601 547 686 quippe
577 599 671 664 unius
705 597 834 678 electio,
869 595 911 659 sit
927 595 1067 658 'alterius
1094 605 1288 684 reprobatiffl

136 720 200 786 vel
223 718 251 782 si
277 737 387 781 omnes
415 713 543 777 omnino
575 708 815 797 amplectendae
843 708 921 789 sint,
953 715 989 770 ut
1010 715 1058 770 tot
1081 708 1152 790 quis
1175 712 1290 786 habeat
1320 703 1323 710 ’

140 826 356 913 fides„qu0d
377 849 440 890 non
463 824 559 888 habet
580 823 691 904 verba,
715 821 816 885 multo
839 819 942 905 magis
958 816 1037 881 nihil
1052 817 1192 901 habebit,
1216 820 1291 902 quia

142 951 317 1022 tractatus,
350 938 405 1023 qui
425 959 478 1002 eas
501 936 627 1022 genuit,
650 934 701 999 vel
723 933 866 1017 quotidie
890 940 1033 1017 generat,
1058 927 1163 994 adbuc
1185 940 1292 1013 potest

146 1074 313 1141 generare:
356 1073 373 1114 e
405 1049 532 1114 diverso
566 1057 758 1133 provocatus
789 1067 899 1109 rursus
932 1066 969 1106 ea
1000 1065 1057 1127 pro
1089 1041 1291 1126 ingeniorum

147 1173 473 1252 argumentorumque
500 1159 620 1223 viribus
643 1155 845 1221 retractanda
856 1179 897 1252 ac
912 1152 1085 1220 refellenda
1102 1155 1290 1218 consumit.“

148 1276 247 1345 Ce'rte
280 1284 404 1339 tantum
439 1270 479 1334 ad
502 1271 640 1334 Arianos
674 1265 855 1332 referrenda
886 1277 936 1331 est
960 1265 1039 1330 haec
1061 1263 1199 1330 Zenonis
1223 1266 1290 1329 ani-

149 1386 347 1467 madversio,
380 1383 437 1467 qui
458 1381 596 1446 Nicaeni
620 1379 759 1446 Concilii
788 1377 978 1465 Symbolum
1011 1377 1228 1459 obliteraturi,
1260 1379 1292 1441 in

151 1499 272 1564 crebris
295 1493 427 1583 synodis
450 1493 567 1558 multas
590 1501 622 1556 ct
641 1491 800 1578 prioribus
821 1489 1014 1575 posteriores
1038 1488 1211 1554 contrarias
1228 1489 1292 1552 for·

1351 813 1358 819 .
1383 821 1482 848 &qn-

152 1610 255 1674 mulas
292 1606 551 1687 conscribebant,
586 1627 721 1688 quorum
747 1599 897 1666 undecim
920 1598 1006 1685 apud
1029 1600 1246 1665 Athanasium*
1261 1601 1293 1665 in

150 1723 206 1788 lib.
241 1721 282 1786 de
309 1717 446 1806 Synod,
480 1715 644 1798 tredecim,
679 1713 765 1801 apud
788 1715 953 1778 Patauium
975 1711 1047 1774 Lib.
1063 1710 1089 1774 Ι.
1116 1710 1157 1776 de
1181 1711 1292 1778 Trinit.

152 1859 222 1920 cap.
239 1833 301 1898 IX.
325 1854 398 1918 pag.
413 1831 455 1895 38
482 1839 514 1893 et
541 1826 627 1914 apud
650 1827 917 1912 Moimbourqium
950 1832 1134 1886 enumerata
1167 1833 1200 1887 et
1238 1849 1293 1890 ex·

152 1947 282 2032 planata
302 1942 491 2008 invenimus.
535 1938 572 2006 Si
600 1937 718 2003 deinde
750 1937 784 1999 in
818 1935 1004 1999 memoriam
1038 1933 1131 1998 nobis
1164 1931 1293 2004 revoca-

153 2058 274 2137 bimus,
317 2054 456 2118 Arianos
492 2052 585 2116 etiarn
624 2049 760 2136 pecunia
797 2047 959 2132 corrumpi
997 2068 1060 2110 non
1098 2047 1294 2132 abhoruisse,

154 2177 387 2256 quumgcontra
407 2165 568 2230 Liberium
590 2162 712 2247 Papam
739 2159 959 2224 accusationes
995 2181 1052 2243 per
1084 2162 1295 2246 corruptelam

154 2289 186 2344 et
208 2278 393 2364 largitiones
417 2275 595 2362 exprimere
617 2273 795 2339 voluissent
811 2272 871 2356 (cf.
893 2272 1016 2336 Malta
1037 2294 1089 2356 op.
1105 2272 1158 2335 cit.
1170 2271 1243 2338 Lib.
1254 2274 1296 2338 V.

153 2415 226 2478 pag.
244 2370 336 2477 126),
360 2428 400 2438 -
431 2393 552 2475 justam
575 2385 715 2451 Zenonis
748 2382 1056 2448 animadversionem
1090 2382 1189 2448 fuisse
1215 2385 1295 2452 fate·

155 2503 275 2583 bimur,
299 2501 355 2584 qui
376 2501 515 2566 Arianos
537 2498 665 2564 venales
692 2505 795 2561 vocat.
819 2534 859 2544 -

258 2611 332 2676 Lib.
344 2610 370 2674 I.
397 2610 502 2675 Tract.
517 2609 544 2674 I.
571 2631 601 2671 n.
616 2610 647 2672 4.
674 2630 748 2692 pag.
765 2609 799 2671 9:
834 2605 961 2686 „Quam
994 2604 1172 2688 indefensa,
1204 2617 1299 2672 vocat

156 2723 243 2787 Zeno
261 2721 384 2807 (fides),
406 2743 486 2804 quae
503 2741 626 2805 regum,
643 2716 799 2804 judicum,
821 2715 956 2781 divitum
979 2716 1169 2799 aliquotiens
1192 2715 1297 2803 etiam,
1414 2793 1417 2798 ,

155 2833 243 2921 quod
270 2838 362 2921 pejus
389 2842 452 2915 est,
485 2829 629 2917 gentium
663 2827 825 2894 desiderat
857 2851 914 2913 per
942 2839 1103 2892 momenta
1129 2827 1297 2896 desideria.

158 2948 189 3012 O
211 2970 307 3031 quam
334 2945 437 3031 turpis
470 2953 501 3008 et
533 2941 672 3024 lubrica,
691 2940 747 3005 'de
781 2963 844 3024 qua
876 2939 960 3005 ludit
992 2941 1095 3005 aliena
1128 2944 1298 3008 sententia!

158 3060 189 3124 Ο
213 3082 308 3143 quam
332 3055 490 3138 adultera,
518 3077 600 3140 quae
619 3077 687 3131 ‚non
708 3053 868 3150 agnoscit,
903 3074 967 3137 quo
989 3062 1118 3118 auctore
1146 3055 1298 3120 situata!

160 3169 310 3251 Oquam
331 3167 521 3251 ridiculosa,
555 3189 636 3250 quae
664 3165 791 3230 duobus
814 3164 1083 3250 contingentibus
1106 3165 1299 3233 Christianis

160 3280 200 3344 ab
227 3279 326 3344 altero
352 3301 477 3362 eorum,
509 3281 537 3344 si
565 3301 629 3342 non
660 3276 877 3342 transducitur
906 3275 1054 3362 perfidia,
1090 3299 1162 3342 cum
1196 3289 1298 3344 trans-

159 3391 287 3457 ducitur
320 3387 468 3476 pcrfidia,
504 3413 576 3454 cum
608 3388 796 3455 transducta
827 3388 938 3470 tuerit,
973 3387 1055 3453 fides
1076 3391 1222 3454 vocatur!
1267 3391 1299 3455 Ο

160 3527 255 3588 quam
278 3525 342 3568 non
365 3524 450 3584 vera,
474 3523 555 3584 quae
577 3500 768 3566 factionibus
791 3499 889 3585 pollet
912 3499 980 3564 ...1
1025 3498 1170 3584 Oquam
1193 3501 1298 3587 publi-

139 3599 252 3696 cana,
284 3617 375 3700 cujus
398 3613 579 3678 fabulantur
601 3612 696 3676 etiam
720 3611 845 3697 profani
868 3611 1025 3676 sacretal“
1070 3611 1162 3676 Haec
1194 3615 1301 3678 omnia
1345 3654 1351 3669 ·

161 3726 277 3812 apponi
299 3737 434 3813 possunt
455 3725 595 3790 Arianae
617 3722 749 3788 haeresi.
793 3722 911 3788 Nullas
935 3722 1185 3790 machinationes
1208 3731 1300 3811 prae-

160 3839 295 3903 termisit
317 3839 415 3904 Arius
438 3847 470 3902 et
492 3840 560 3922 ejus
583 3834 735 3917 asseclae,
757 3845 792 3899 ut
811 3835 1058 3901 Constantinum
1072 3835 1300 3921 Imperatorem

161 3949 223 4014 sibi
243 3950 380 4014 amicum
406 3951 547 4015 facerent
567 3949 706 4033 (Mb'ltlcr
720 3948 794 4012 Lib.
809 3947 851 4011 V.
874 3969 947 4032 pag.
966 3948 1053 4032 116).
1081 3945 1300 4030 Constantiae,

161 4050 305 4144 quoque,
339 4061 456 4126 sororis
480 4059 684 4127 Constantini
716 4069 747 4123 et
768 4058 884 4124 viduae
907 4058 1025 4122 Licinii
1048 4058 1301 4124 benevolentiam

162 4171 222 4236 sibi
245 4172 408 4256 acquirere
432 4195 623 4258 magnopere
647 4170 837 4251 studebant,
876 4170 1020 4234 sciebant
1044 4171 1129 4234 enim
1148 4183 1301 4256 quantum

160 4283 238 4349 haec
273 4283 387 4347 mulier
420 4281 505 4368 apud
525 4275 755 4369 Imperatorem
789 4282 925 4353 valeret:
957 4305 1056 4366 quum
1083 4293 1188 4349 autem
1212 4283 1300 4350 Con-

946 4375 961 4438 1
1056 4387 1094 4453 a*
