3012 4936
743 213 784 278 2⁰

195 374 380 446 referendus
409 381 472 456 est,
506 373 539 440 in
568 371 673 457 primo
702 371 779 436 lolio
807 372 938 458 legitur:
970 373 1196 455 „Hinnmarus
1234 373 1374 439 Archi-

196 491 366 575 spiscopus
399 485 489 552 dedit
523 484 557 554 S.
587 483 765 570 Remigio.“
818 484 884 552 Hic
920 483 1022 550 codex
1057 485 1126 550 sine
1160 481 1284 550 dubio
1328 510 1373 550 ex

196 598 376 668 Veronensi
410 596 546 666 ecclesia
578 595 612 660 in
639 595 867 678 Rhemensem,
905 596 1093 679 translatus,
1128 597 1189 662 ubi
1221 599 1261 662 in
1292 621 1372 662 mo-

196 715 335 782 nasterio
357 708 523 794 depositus
547 717 611 790 est,
638 707 734 774 habet
752 708 894 774 titulum:
925 707 1114 790 „Tractatus
1135 709 1169 775 S.
1190 709 1371 793 Zenonis,

195 824 351 911 Episcopi
380 820 608 888 Veronensis.“
658 818 826 888 Secundus
856 819 959 887 codex
988 820 1207 887 bibliothecae
1246 818 1371 890 Cleri·
1490 899 1491 918 Χ

197 961 307 1004 corum
321 932 528 1022 Regularium
537 931 682 998 Venetiis
691 931 781 996 XIII
792 931 920 998 saeculo
936 933 1099 998 confectus
1115 955 1186 998 esse
1204 933 1369 999 videtur.
1490 921 1491 926 ἵ

197 1050 304 1114 Etiam
329 1048 362 1112 in
385 1047 447 1112 hoc
470 1043 581 1111 codice
605 1042 787 1126 adnotatur,
806 1067 981 1110 sermones
1004 1045 1038 1109 in
1061 1045 1134 1131 ipso
1157 1056 1365 1129 contentos,

197 1161 318 1228 Zenoni
342 1168 452 1224 nostro
476 1155 599 1238 deberi,
624 1155 741 1242 legitur
764 1139 849 1221 enim
873 1158 906 1221 in
929 1157 1035 1222 initio:
1067 1155 1251 1242 „Capitula
1279 1159 1365 1224 libri

197 1271 292 1357 primi
322 1269 525 1338 Sanctissimi
554 1267 707 1350 Zenonis,
749 1268 843 1355 hujus
881 1269 984 1334 almae
1021 1249 1158 1334 civitatis
1187 1270 1363 1336 Veronae

198 1384 353 1470 Episcopi
382 1393 416 1448 et
442 1381 595 1448 Doctoris
625 1380 763 1446 eximii.“
794 1420 835 1429 -
879 1381 920 1446 In
948 1381 1151 1447 Bibliotheca
1179 1381 1364 1448 Vaticana

198 1506 334 1580 quatuor
362 1493 491 1560 codices
521 1493 723 1560 inveniuntur
749 1515 789 1558 ex
815 1493 928 1558 ΧΙΠ10
954 1504 985 1560 et
1010 1493 1111 1583 ΧΝο
1136 1495 1288 1560 saeculo,
1312 1533 1359 1544 -

197 1606 345 1672 Veronae
361 1605 425 1672 duo
440 1615 641 1673 reservantur
656 1603 795 1688 codices,
816 1627 951 1689 quorum
970 1627 1052 1670 unns
1071 1605 1249 1671 maximam
1273 1629 1356 1672 cnm

197 1718 371 1784 Rhemensi
385 1717 483 1783 babet
496 1715 748 1798 similitudinem,
771 1715 850 1780 alter
863 1725 989 1801 praeter
1003 1717 1203 1782 Zenonianos
1217 1727 1354 1784 tracta-

197 1839 249 1894 tus
279 1829 397 1894 multos
427 1829 560 1894 aliorum
591 1828 783 1912 scriptorum
816 1829 957 1894 continet
992 1851 1167 1895 sermones:
1203 1839 1353 1916 uterque

196 1951 301 2008 autem
325 1938 418 2006 xva
444 1939 572 2006 sacerdo
596 1939 734 2026 scriptus
761 1963 833 2006 esse
856 1939 990 2007 videtur.
1034 1941 1203 2006 Praeterea
1222 1945 1353 2011 Petrae

198 2053 274 2122 Colo
302 2051 436 2119 Ordinis
466 2049 720 2137 praedicatorum
751 2052 838 2137 apud
865 2053 1001 2120 Godefr.
1030 2053 1278 2120 Haschenium
1312 2056 1347 2120 in

196 2166 290 2232 Actis
320 2165 510 2234 Sanctorum
526 2164 576 2231 ed.
601 2165 654 2230 cit.
678 2166 710 2230 in
735 2165 788 2232 die
817 2168 865 2232 12.
886 2165 1009 2252 Aprilis
1039 2165 1080 2231 de
1110 2189 1174 2230 uno
1202 2177 1348 2234 testatur

197 2277 322 2361 codice,
343 2300 438 2361 quem
458 2299 493 2342 se
512 2275 631 2342 vidisse
652 2275 745 2360 dicit,
769 2277 822 2342 hio
842 2277 945 2342 codex
964 2287 1070 2343 tamen
1088 2277 1342 2346 Balleriniorum

197 2399 340 2472 tempore
357 2384 543 2472 deperditus
561 2387 631 2452 fuit.
675 2384 790 2455 Codex
813 2412 955 2475 quoque,
981 2412 1045 2474 qno
1069 2413 1145 2456 usus
1166 2401 1215 2457 est
1234 2393 1343 2460 Fran-

198 2505 298 2570 ciaoas
311 2500 510 2589 Sporanieri,
533 2509 725 2566 tractatuum
740 2501 880 2567 Zenonis
897 2511 1125 2568 commentator
1145 2504 1224 2590 (nat
1242 2507 1341 2586 1631,

198 2617 221 2701 †
238 2615 336 2700 1697)
352 2637 371 2678 a
385 2613 567 2698 Balleriniis
583 2613 720 2700 amplius
733 2616 835 2700 reperi
851 2639 914 2680 uon
929 2615 1042 2703 potuit.
1069 2617 1202 2683 Nonus
1223 2616 1339 2698 codex,

198 2749 293 2810 quem
321 2725 488 2790 Ballerinii
520 2726 791 2814 „Pompejanum“
820 2739 937 2793 vocant
965 2727 1044 2792 XV.
1060 2751 1142 2793 saec.
1172 2729 1338 2794 coniectus

196 2859 268 2902 esse
293 2833 428 2900 videtur.
473 2835 628 2900 Decimus
651 2836 806 2920 denique,
837 2836 965 2921 dequo
992 2840 1137 2902 Boaacli
1162 2839 1196 2899 in
1219 2838 1293 2902 Lib.
1309 2839 1338 2900 I.

196 2947 236 3013 de
257 2945 465 3013 Sermonibus
488 2954 523 3010 et
541 2945 701 3032 Martyris
721 2947 755 3014 S.
770 2947 909 3011 Zenonis
930 2948 991 3030 Ep.
1007 2947 1083 3010 Ver.
1104 2946 1235 3010 Pistorii
1254 2945 1339 3010 1740

197 3057 327 3142 cap-H.
357 3057 527 3122 memoriae
556 3056 669 3140 tradit,
701 3058 733 3122 in
762 3057 916 3121 Archivio
948 3053 1184 3122 Canonicorum
1216 3054 1335 3123 Cathe-

196 3169 294 3236 dralis
320 3168 485 3234 Ecclesiae
510 3169 716 3254 Pistoriensis
746 3168 979 3246 reservabatur3
1011 3165 1051 3231 de
1081 3171 1149 3255 ejus
1179 3177 1337 3234 vetustate

196 3281 284 3348 nulla
306 3278 392 3364 apud
414 3279 500 3345 hune
523 3290 685 3346 auctorem
710 3279 1021 3347 inveniturlmentio.

301 3391 410 3476 Quum
429 3393 462 3457 in
486 3392 633 3457 omnibus
658 3391 825 3456 codicibus
851 3400 980 3476 praeter·
995 3392 1195 3458 Zenonianos
1221 3399 1335 3457 tracta-

197 3515 249 3571 tus
278 3506 374 3571 etiam
404 3503 538 3586 aliorum
569 3515 733 3568 auctorum
765 3503 968 3569 inveniuntur
997 3526 1175 3585 sermones,
1206 3525 1336 3568 necesse

197 3616 270 3699 luit,
309 3625 345 3680 ut
368 3615 554 3700 abaliquo,
593 3617 685 3701 cujus
718 3614 881 3700 ingenium
904 3616 947 3681 ad
972 3614 1129 3703 ejusmodi
1153 3618 1205 3679 'res
1231 3615 1337 3680 habile

198 3736 278 3810 crat,
314 3727 443 3812 genuini
477 3748 640 3792 sermones
671 3727 711 3792 ab
742 3725 853 3793 alienis
883 3727 1074 3794 intermixtis
1105 3737 1336 3810 separarentur,

198 3837 395 3923 quodetiam
411 3839 728 3922 optimeBalleriniis
744 3841 892 3926 contigit:
912 3839 1065 3902 rationem
1086 3859 1194 3904 eorum
1213 3839 1336 3905 brevis·

198 3950 277 4014 sime
302 3950 411 4032 nobis,
441 3959 513 4014 ante
538 3950 648 4016 oculos
672 3952 831 4036 ponimns.
880 3951 1043 4017 Maximae
1067 3951 1265 4016 auctoritatis
1289 3960 1338 4016 est

198 4059 300 4126 codex
326 4063 562 4146 manuscriptus
585 4063 791 4146 Rbemensis,
804 4094 807 4102 ·
821 4073 889 4128 turn
914 4063 991 4146 qnia
1015 4071 1064 4127 est
1089 4062 1335 4126 omniumanti-

198 4172 387 4256 quissimus,
410 4183 477 4238 tum
501 4164 598 4240 'etiam
623 4177 698 4260 quia
722 4176 762 4239 ab
786 4175 857 4239 aliis
878 4175 910 4238 in
930 4173 1112 4257 exemplum
1130 4173 1335 4258 apertissime

197 4295 247 4349 est
262 4295 454 4369 assumptus.
498 4287 537 4350 In
553 4311 590 4352 eo
609 4295 763 4351 tractatus
779 4285 952 4350 Zenoniani
972 4286 1006 4349 in
1027 4285 1109 4350 dnos
1131 4291 1336 4349 secernantur
