3012 4936
707 273 746 336 23

160 425 347 496 Corinthios
365 428 500 516 epistola
519 454 538 494 a
557 430 658 496 Paulo
677 431 838 516 Apostolo
858 441 908 497 est
932 432 1064 515 scripta:
1088 430 1129 494 ab
1148 430 1295 495 omnibus

159 541 226 606 fere
249 541 399 607 Patribus
429 551 461 606 et
489 542 719 608 recentioribus
742 543 861 608 criticis
886 555 987 608 annus
1011 542 1295 628 quinquagesimus

159 662 271 718 sextus
289 653 335 739 ³⁸)
366 664 421 718 aut
447 654 602 738 septimus
619 655 664 739 ³⁹)
696 652 891 741 designatur.
939 653 976 722 Si
1001 653 1110 718 stricte
1140 653 1294 738 interpre-

159 771 245 828 tetur
265 763 319 830 hic
340 764 430 832 lccus
443 765 592 848 Zenonis,
614 765 720 850 putari
742 766 856 852 possit,
878 766 1039 832 Zenonem
1062 762 1168 830 medio
1183 764 1295 848 quinto

160 875 287 940 saeculo
317 876 449 942 vixisoe:
481 899 521 942 ex
542 876 605 942 hoc
626 877 722 943 etiam
743 878 817 944 loco
838 878 861 943 ii
882 877 1069 962 praesertim
1092 875 1208 959 critici,
1240 876 1296 959 qui

158 1005 320 1052 sermones
342 988 402 1053 sub
424 988 563 1054 Zenonis
585 989 714 1056 nomme
735 988 839 1056 editos
861 988 958 1054 variis
979 987 1140 1053 vanorum
1170 995 1294 1070 tempo-

156 1119 228 1160 rum
249 1099 434 1166 auctoribus
456 1099 595 1166 tribuere
615 1100 783 1185 volebant,
805 1101 1013 1187 praecipuum
1034 1099 1223 1166 hauriebant
1243 1121 1293 1162 ar-

156 1217 360 1294 gumentum,
398 1210 617 1296 ostendentes,
655 1212 696 1278 ab
732 1212 909 1278 editoribus
939 1212 1068 1278 Peretto
1105 1220 1138 1276 et
1169 1209 1295 1296 Bagata

157 1318 263 1384 efferri
293 1320 490 1404 testimonia,
528 1323 688 1389 Zenonem
721 1322 818 1388 tertio
847 1323 974 1388 saeculo
1004 1322 1139 1404 vixisse,
1175 1320 1293 1385 multos

156 1451 320 1496 sermones
354 1431 554 1517 apertissime
590 1432 810 1500 demonstrare
844 1443 1005 1498 auctorem
1036 1453 1147 1498 eorum
1180 1439 1294 1515 quarto

156 1540 341 1626 ponendum
367 1566 440 1610 esse
467 1544 611 1629 saeculo,
642 1554 804 1611 auctorem
818 1554 938 1610 autem
959 1543 1053 1629 hujus
1075 1549 1229 1608 uectatus
1250 1540 1292 1606 V.

156 1649 198 1718 de
220 1653 424 1738 continentie,
452 1677 486 1720 se
509 1656 615 1723 medio
638 1657 751 1741 quinto
774 1656 902 1723 saeculo
924 1656 1031 1721 virere
1051 1655 1153 1722 fateri.
1182 1653 1292 1718 Vero-

155 1787 271 1830 nenses
298 1764 451 1850 editores,
483 1768 539 1852 qui
565 1769 621 1834 uni
647 1769 771 1836 auctori
790 1791 903 1834 omnes
925 1789 1087 1832 sermones
1110 1766 1197 1832 omni
1218 1765 1291 1832 dili-

154 1876 264 1960 gentia
281 1875 464 1944 adscribere
485 1878 666 1964 studebant,
688 1879 772 1946 hanc
786 1903 857 1947 sese
872 1879 1054 1949 offerentem
1070 1877 1292 1944 dffienuam

55 2045 59 2053 ,
155 1987 274 2053 evitare
294 1989 474 2072 noluerunt,
496 1989 680 2076 nodumque
695 1990 839 2076 expediri
853 1992 1017 2076 putabant,
1040 1989 1183 2056 dieentes
1205 2011 1291 2054 ama-

155 2121 308 2164 nuensem
329 2100 464 2166 sonasse
486 2102 591 2168 minus
613 2113 761 2168 accurate
782 2101 1003 2188 descripsisse,
1018 2139 1060 2150 -
1082 2111 1115 2171 et
1128 2100 1291 2183 audenter,

154 2209 350 2277 acclamante
375 2213 447 2300 ipso
468 2214 624 2297 Baronio,
655 2237 714 2300 pro
745 2213 987 2300 quadringentis
1018 2213 1109 2278 aunis
1136 2210 1291 2278 ducentos

153 2320 293 2407 imprimi
312 2327 486 2410 jusserunt,
509 2324 598 2411 quod
619 2349 684 2392 non
705 2328 800 2392 unica
821 2327 882 2392 fuit
895 2326 1034 2410 licentia,
1057 2347 1122 2410 qua
1134 2323 1169 2389 in
1183 2346 1290 2390 emen·

154 2430 260 2500 dando
281 2444 372 2502 textu
394 2437 578 2504 Zenoniano
600 2439 651 2504 usi
672 2449 756 2505 sunt

255 2527 409 2612 Attamen
430 2547 466 2613 id
488 2571 682 2633 quamquam
710 2549 1005 2616 commodissimum
1031 2547 1208 2614 remedium
1230 2547 1290 2611 mi-

155 2654 240 2720 nime
270 2654 395 2721 licitum
427 2659 506 2740 fuit,
540 2681 640 2742 quum
673 2681 784 2726 omnes
817 2659 960 2742 codices,
994 2683 1034 2726 ne
1066 2681 1130 2724 uno
1157 2666 1290 2743 excepto

155 2764 405 2853 quadringentos
431 2770 615 2836 contineant
641 2793 742 2836 annos
768 2782 801 2837 et
827 2770 956 2856 quidem
983 2795 1047 2837 non
1068 2769 1208 2836 romanis
1229 2791 1288 2832 nu·

154 2878 248 2944 meris
273 2875 453 2963 „GOOO“‚
487 2881 546 2947 sed
577 2882 692 2949 litteris
723 2885 870 2968 scriptos.
914 2882 1071 2950 Mendum
1098 2903 1175 2968 ergo
1202 2903 1289 2946 ama·

152 2990 319 3056 nuensium
341 2990 396 3055 vix
418 2994 494 3079 poni
515 3003 636 3077 potest,
658 2993 881 3080 accipiendum
893 3004 1018 3060 tantum
1041 3003 1104 3076 est,
1126 2993 1288 3060 Zenonm

154 3098 403 3188 quadringentos
425 3097 523 3172 ferme
545 3129 645 3172 annos
668 3107 719 3172 vel
740 3130 779 3172 eo
801 3107 938 3194 amplius
961 3106 1143 3192 scripsisse,
1175 3115 1210 3170 ut
1227 3104 1288 3172 lra-

154 3210 241 3278 beret
269 3214 443 3282 rotundum
475 3239 661 3299 numerum,
696 3216 784 3302 quod
816 3241 881 3294 non
906 3241 977 3282 raro
1003 3217 1091 3301 apud
1116 3217 1288 3304 scriptores

153 3323 298 3388 occurrit.
341 3325 514 3394 Neminem
535 3330 631 3394 etiam
652 3330 754 3416 fugit,
782 3330 838 3415 qui
859 3328 1020 3395 historicis
1042 3328 1193 3414 operibus
1214 3350 1287 3412 per-

153 3433 296 3520 legendis
329 3436 363 3500 in
396 3437 555 3504 veteribus
588 3441 776 3526 praesertim
807 3441 934 3526 scriptis
967 3439 1109 3506 studium
1140 3437 1287 3520 navabat,

154 3546 339 3632 scriptores,
365 3546 406 3613 de
429 3571 565 3632 quorum
588 3560 690 3618 aetate
711 3552 835 3618 nullum
857 3561 906 3620 est
928 3551 1077 3634 dubium,
1104 3573 1177 3616 cum
1199 3560 1288 3615 tanta

154 3655 347 3744 negligentia
366 3659 456 3744 loqui
478 3681 694 3746 nonunquam,
718 3673 755 3730 ut
775 3687 816 3730 ex
838 3687 875 3730 ea
896 3685 961 3730 non
982 3685 1054 3730 raro
1077 3661 1286 3728 ducentorum

154 3848 355 3864 ῃ

222 3955 256 4025 ³⁸)
274 3956 315 4012 Cf.
332 3958 388 4016 Dr.
406 3960 441 4018 F.
459 3960 496 4018 X.
514 3959 703 4036 Reithmcpr:
720 3964 878 4036 Einlcitung
889 3966 918 4020 in
929 3965 975 4022 die
987 3963 1167 4022 canomschen
1179 3963 1286 4022 Bttcher

153 4049 200 4106 des
217 4066 305 4108 neuen
322 4054 440 4110 Bnudes
474 4056 656 4128 Begensliurg
674 4060 749 4116 1852.
785 4066 809 4126 5.
822 4061 864 4117 94.
882 4077 944 4130 pag.
957 4061 1016 4116 555.

219 4145 254 4215 ³⁹)
272 4144 313 4204 cf.
331 4146 389 4204 or.
405 4148 445 4205 o.
461 4149 500 4206 a
517 4135 689 4226 ramsey:
708 4153 846 4222 „vamur
868 4155 943 4210 einer
959 4153 1122 4210 mannua
1139 4153 1189 4210 ra
1206 4154 1284 4212 uiuu-

153 4239 231 4298 sclren
249 4241 434 4314 Offenbmung
451 4248 517 4302 eta“
548 4247 598 4302 Ed.
616 4248 650 4304 IL
679 4248 862 4320 Bagemturg
880 4249 956 4306 1852.
984 4249 1051 4306 Pars
1068 4249 1141 4306 VIIL
1159 4265 1218 4320 cap.
1236 4250 1283 4304 111.

153 4340 173 4400 i·
185 4339 209 4392 9.
225 4353 288 4407 pag.
298 4339 357 4394 608.
