3012 4936
716 257 771 324 101

170 421 307 486 accessit
329 419 370 484 de
392 417 552 503 Martyrio
576 415 610 482 S.
632 416 770 480 Zenonis
793 416 988 482 Dissertatio
1010 415 1076 481 H.“
1101 439 1141 480 ex
1167 439 1232 500 qua
1257 440 1315 502 pa-

169 542 232 614 tet,
271 531 417 597 criticum
450 537 594 594 nostrum
628 539 703 615 post
733 537 782 592 tot
815 550 915 594 annos
949 552 989 593 ne
1021 528 1055 592 in
1090 550 1152 592 uno
1183 526 1315 612 quidem

172 652 291 728 puncto
314 651 454 707 mutasse
477 649 616 708 veterem
644 663 734 706 suam
763 639 976 726 opinionem.v
1001 640 1162 727 Agnoscit
1184 638 1316 724 quidem

172 756 206 819 in
233 754 402 820 Prooemio
433 753 556 819 vastam
582 751 829 825 Balleriniorum
864 751 1041 818 doctrinam
1076 762 1108 817 et
1135 775 1245 817 eorum
1275 751 1316 818 de

174 866 373 932 sermonibus
407 866 598 932 Zenonianis
638 863 879 930 dissertationes
918 864 1093 948 collaudat,
1128 874 1162 929 et
1187 862 1317 930 haerere
1391 935 1393 940 ,

174 978 236 1044 sibi
258 979 430 1064 contigisse
452 979 578 1060 fatetur,
602 999 701 1062 quum
724 975 986 1062 deprehenderet,
1009 999 1068 1042 eos·
1088 1001 1112 1042 a.
1128 976 1229 1041 veteri
1244 975 1314 1041 vnis

173 1099 248 1176 gata
271 1092 422 1176 opinione
449 1089 634 1156 recessisse:
663 1098 803 1153 attamen
829 1112 897 1152 rem
924 1112 994 1154 sese
1018 1089 1170 1154 attentius
1195 1089 1317 1154 exarui„

172 1224 265 1266 nasse
289 1212 321 1267 et
348 1225 449 1268 novas
481 1202 625 1266 rationes·
652 1201 793 1285 proferre
816 1200 1029 1268 constituisse.
1069 1199 1138 1266 ¹Res
1161 1200 1318 1264 Bonachii

174 1335 251 1397 ergo
275 1313 378 1377 omnis
401 1313 435 1378 in
458 1337 496 1377 eo
518 1320 677 1392 versatur,
701 1320 736 1375 ut
750 1311 1217 1378 labefactaret*Balleriniorum
1239 1315 1316 1378 conss

174 1427 326 1510 jecturas.
369 1424 409 1488 In
432 1421 513 1508 Cap.
536 1424 563 1488 Ι.
591 1423 739 1488 haereses
773 1431 950 1504 enumerat,
984 1446 1066 1507 quae
1102 1423 1134 1488 in
1167 1423 1319 1510 dogmate

174 1534 215 1600 de
238 1534 392 1602 Trinitate
415 1544 573 1614 errarunt;
602 1535 879 1618 demonstratque,
902 1533 991 1618 quod
1012 1539 1111 1598 nemo
1128 1535 1162 1598 in
1184 1535 1318 1601 dubium

173 1655 360 1730 vocaverat,
388 1648 504 1742 Arium
531 1670 607 1713 suos
636 1669 758 1712 errores
781 1669 821 1712 ex
844 1646 915 1712 aliis
938 1644 1156 1732 desumpsisse
1178 1647 1318 1712 haeresi-

175 1760 253 1842 bus,
296 1757 580 1843 additionibusque
610 1759 703 1824 factis
742 1758 890 1844 propriae
920 1757 1088 1828 ,doctrinae
1122 1759 1319 1832 exstruxisse

173 1871 365 1936 aedificium.
388 1909 429 1920 ·-
474 1870 547 1936 Lib.
563 1871 607 1935 IL
630 1871 736 1936 Tract.
756 1871 831 1936 VH„
854 1894 923 1957 cap.
939 1871 966 1934 I.
990 1874 1018 1957 ξ.
1034 1873 1065 1936 5.
1088 1870 1139 1936 ed.
1155 1871 1318 1954 Ballerin,

173 1985 206 2048 in
230 2005 295 2067 quo
317 1983 449 2048 antistes
466 1975 583 2048 'noster
604 1984 776 2068 praecipue
798 1961 910 2048 contra
936 1983 1114 2056 haereticos
1137 1983 1218 2070 agit,
1246 1999 1319 2070 spe*-

178 2095 252 2160 ciali
275 2091 528 2159 consideratione
550 2094 728 2179 perpendit.
775 2095 889 2176 „Licet
903 2103 1008 2159 sectae
1031 2105 1106 2160 sunt
1127 2096 1245 2180 plures,
1270 2091 1319 2159 dis

174 2208 219 2272 cit
240 2207 344 2290 Zeno,
367 2227 449 2291 quae
472 2204 619 2291 injuriam
642 2202 765 2272 Christi
787 2205 925 2270 fabulari
946 2206 1104 2289 nitantur,
1126 2215 1319 2271 tamentres

176 2329 250 2405 sunt
273 2315 513 2405 quodammodo
536 2317 744 2404 principales,
767 2342 784 2383 e
807 2318 924 2403 quibus
948 2316 1031 2383 duae
1053 2321 1122 2406 ejus
1145 2341 1319 2403 quamcu-

174 2432 266 2516 piunt
299 2429 504 2515 depravatam
528 2429 688 2494 ,simulant
715 2455 749 2496 se
776 2454 847 2496 esse
875 2430 1034 2496 cultrices.
1080 2429 1156 2494 Una
1178 2428 1317 2514 denique

177 2541 306 2622 asserit,
328 2539 444 2604 Jesum
461 2538 626 2604 Christum
649 2540 689 2604 ab
712 2551 802 2604 utero
817 2540 964 2625 Virginis
988 2537 1207 2625 desumpsisse
1229 2541 1317 2626 prin-

176 2652 309 2738 cipium,
342 2651 516 2733 Deumque
537 2647 652 2714 exinde
674 2651 716 2715 ob
733 2651 893 2743 justitiam
915 2651 1138 2734 fontumens,
1172 2675 1237 2716 non
1260 2675 1316 2716 na

176 2775 255 2828 turn.
302 2763 376 2826 Alia
406 2759 601 2842 modestius,
635 2760 693 2826 sed
723 2761 920 2828 mordacius..
936 2786 1055 2828 nocens
1082 2761 1162 2828 dicit
1187 2762 1317 2848 quidem

177 2875 241 2940 Dei
263 2873 383 2938 Filium
406 2873 529 2955 Deum,
558 2871 615 2938 sed
643 2897 712 2942 non¹
728 2898 769 2938 ex
787 2875 886 2952 *Patre
909 2875 1084 2940 nobilitatis
1108 2876 1319 2961 perpetuitate

176 2986 394 3073 progenitum,
418 2985 581 3069 fuisseque
603 2995 745 3071 tempus,
774 2986 903 3070 quando
926 3011 990 3051 non
1011 2987 1081 3051 fuit.
1101 3051 1103 3053 ,
1127 2986 1237 3052 Tertia
1257 2988 1318 3053 Ju÷

177 3099 257 3164 daea
276 3103 344 3164 est“
362 3106 422 3162 eto.
466 3095 522 3160 Ad
545 3096 629 3162 hunc
650 3097 757 3163 locum
780 3100 930 3164 observat
951 3097 1151 3166 Bonachins:
1176 3098 1319 3181 „Claris-

178 3210 251 3276 simi
273 3208 438 3273 Ballerinii
460 3207 669 3274 Photinianos
702 3209 861 3276 indicasse
893 3210 927 3274 in
960 3211 1063 3294 prima
1093 3210 1320 3276 recensitarum

177 3331 336 3386 sectarum
362 3318 526 3384 adnotant.
544 3369 551 3383 .
569 3369 600 3384 ..
646 3318 755 3401 Quum
789 3345 866 3386 vero
897 3322 1055 3390 Photinus
1087 3345 1153 3386 non
1184 3321 1321 3406 eundem

178 3457 316 3499 errorem
340 3431 393 3496 hic
427 3454 447 3494 a
478 3429 511 3496 S.
534 3432 622 3497 Zeno
652 3431 814 3514 docuerit,
847 3433 954 3518 ipsum
981 3435 1034 3502 hic
1061 3458 1125 3500 non
1148 3433 1320 3519 perstringi

178 3523 350 3611 dicendum
373 3551 431 3608 est.
478 3544 595 3626 „„Una
625 3544 764 3629 denique
795 3546 921 3614 asserit¹
939 3546 1056 3620 Jesum
1078 3542 1247 3634 Christum
1276 3544 1317 3611 ab

180 3665 269 3720 utero
284 3656 429 3742 Virginis
446 3655 570 3722 Mariae
590 3657 767 3742 sumpsisse
787 3657 996 3744 principium,¹
1012 3657 1184 3741 Deumque
1205 3654 1321 3725 exinde

181 3768 222 3833 ob
240 3768 398 3855 justitiam
422 3770 542 3833 factum
564 3791 635 3833 esse
656 3790 720 3832 non
742 3775 904 3833 natum.““
949 3769 1002 3832 Ita
1017 3768 1050 3835 S.
1066 3769 1163 3833 Zeno.
1203 3767 1320 3831 Photi-

180 3904 240 3945 nus
262 3903 351 3944 vero:
373 3879 451 3946 Non
473 3881 513 3945 ab
535 3889 626 3946 utero
649 3879 795 3966 Virginis
821 3881 953 3962 Mariae,
977 3879 1034 3946 sed
1056 3889 1133 3946 tunc
1153 3877 1319 3946 Christum

181 4017 251 4058 esse
274 3991 433 4082 coepisse,
457 4015 555 4078 quum
579 3991 719 4076 Spiritus
736 3989 878 4058 Sanetus·
896 3993 984 4058 visus
1008 4001 1176 4078 estsuper
1198 3991 1318 4080 illum‘f

184 4105 227 4168 Ar
260 4102 413 4167 memoria
439 4102 549 4190 lapsus
581 4113 631 4167 est
662 4103 1088 4190 magnopereBonachiuS,
1133 4103 1187 4188 qui
1219 4127 1321 4190 quum

180 4214 364 4280 Balleriniis
387 4237 525 4281 errorem
548 4215 674 4301 crimini
696 4213 772 4282 dare
795 4215 900 4298 vellet,
923 4215 994 4300 ipse
1014 4215 1098 4281 latus
1120 4213 1241 4280 nudum
1264 4214 1320 4282 de-

180 4329 262 4415 tegit
284 4326 316 4390 in
339 4323 491 4390 historiae
513 4325 748 4393 ecclesiasticae
770 4326 896 4392 notitia:
920 4325 996 4414 quia
1011 4326 1168 4395 Photinus
1190 4327 1251 4392 loc.
1266 4326 1319 4392 eit·
