2982 4928
711 229 748 292 l‘l

266 385 364 473 Quod
381 398 508 454 autem
524 379 716 459 Ambrosius
747 383 918 448 acerrimus
949 382 1126 446 innocentis
1152 379 1296 468 ,Iudiciae

162 505 312 570 defensor
326 501 458 582 exstitit,
481 498 555 564 inde
578 497 692 578 evenit,
716 494 803 579 quod
826 495 995 579 episcopus
1018 494 1165 578 princeps
1188 503 1297 558 eontra

162 617 404 702 suffraganeum
427 619 626 698 potestatem,
649 609 714 673 imo
729 630 805 672 vero
820 607 961 672 officium
976 605 1087 670 habuit
1101 605 1137 671 id
1150 607 1296 690 faciendi,

106 754 109 760 ·
163 751 262 812 quum
284 725 326 792 ad
348 726 452 809 ipsum
475 745 572 788 eausa
585 719 727 786 Indiciae
746 722 817 805 jure
840 718 1054 784 devolutionis
1077 741 1132 784 seu
1156 719 1296 804 appella-

162 841 257 904 tionis
272 838 420 904 venisset.
443 835 581 916 Scimus
597 857 617 898 a
631 832 791 898 nonnullis
808 830 1028 917 scriptoribus,
1044 831 1085 894 ab
1106 833 1231 918 Uplaello
1242 832 1297 919 55),

162 955 327 1018 Biatara'ao
348 950 392 1035 51)
426 957 459 1012 et
490 947 560 1012 aliis
594 945 775 1030 opinionem
807 941 949 1025 defendi,
987 943 1149 1009 Veronam
1185 955 1298 1028 quarto

162 1062 288 1128 saeculo
311 1059 512 1145 Aquilejensi
534 1057 702 1141 metropoli
725 1055 822 1120 fuisse
845 1053 1021 1137 subditam,
1049 1056 1107 1122 sed
1135 1067 1204 1121 tota
1229 1058 1296 1142 epi-

161 1176 243 1240 stola
267 1173 432 1240 Ambrosii
458 1170 500 1237 ad
527 1169 690 1256 Siagrium
720 1191 790 1232 earn
821 1169 947 1252 evertit,
979 1192 1077 1252 quare
1108 1170 1202 1234 etiam
1230 1174 1297 1257 jam

162 1286 366 1374 praecedenti
403 1283 530 1349 saeculo
569 1281 754 1347 cardinatis
787 1282 937 1346 Norisias
958 1281 1017 1367 55),
1055 1283 1220 1370 Dapina'aa
1243 1283 1297 1368 ⁵³),

162 1401 315 1486 Maffajns
333 1399 377 1483 55)
405 1405 513 1461 nostro
541 1389 645 1458 autern
674 1393 755 1457 inter
789 1392 868 1456 alios
897 1393 1017 1458 Fossler
1038 1392 1097 1477 55),
1132 1393 1200 1458 sine
1233 1394 1299 1458 ullo

163 1511 261 1576 dubio
292 1508 512 1594 accipiendum
545 1527 614 1572 esse
646 1505 916 1586 demonstrarunt,
949 1485 1058 1568 sedem
1080 1501 1306 1588 Ve'ronensem¹

161 1621 396 1686 Mediolanensi
431 1619 598 1704 metropoli
628 1617 804 1704 subjectam
837 1617 945 1681 fuisse.
976 1655 1017 1663 —
1062 1616 1115 1680 Ex
1141 1641 1178 1681 ea
1204 1619 1300 1682 etiam

161 1757 258 1806 causa
279 1734 471 1800 Ambrosius
486 1729 751 1816 ,interpellatione
774 1727 928 1814 impedire
955 1728 1060 1813 potuit
1082 1727 1243 1814 Siagrium
1266 1730 1299 1792 in
1374 1726 1376 1730 ’

161 1845 389 1932 ejus'judiciO,
418 1845 494 1928 quia
515 1844 565 1908 vir
587 1864 712 1927 semper
735 1850 767 1908 et
788 1841 908 1925 ubique
931 1841 1082 1906 ecclesiae
1104 1842 1199 1906 rebus
1223 1842 1298 1908 sub-

162 1957 344 2020 ministrans
375 1956 543 2042 prohibcre
574 1954 689 2037 voluit,
721 1977 760 2018 ne
788 1953 872 2018 ullus
899 1954 1068 2039 episcopus
1094 1964 1300 2038 praepostero

158 2066 281 2152 judicio
304 2067 491 2154 injustitiam
513 2067 641 2133 inferret
663 2067 1016 2152 feminaepraesertirir,
1040 2090 1121 2150 quae
1142 2090 1211 2133 sese
1227 2067 1299 2130 Deo

163 2189 305 2262 voverat,
329 2188 396 2242 tum
420 2179 515 2244 etiam
539 2178 614 2262 quia
635 2177 760 2242 Indicia
782 2179 911 2242 omnino
934 2178 1037 2242 aliena
1060 2179 1121 2243 sibi
1143 2202 1213 2243 esse
1236 2202 1298 2242 non

160 2291 277 2374 potuit,
306 2314 405 2375 quum
431 2291 464 2355 in
492 2291 593 2376 ipsius
621 2290 784 2357 domicilio
807 2291 928 2356 Romae
954 2290 1082 2375 longius
1109 2289 1298 2368 habitasset3

161 2427 224 2466 uon
246 2404 351 2485 potuit
371 2401 446 2468 huic
468 2403 538 2468 viro
561 2406 629 2487 ejus
653 2402 831 2467 criminatio
857 2402 920 2467 nisi
947 2402 1144 2471 calumniosa
1166 2425 1228 2466 non
1251 2402 1298 2466 vi-

162 2511 244 2594 deri,
279 2536 376 2596 quum
410 2515 536 2598 „nullus
567 2523 678 2579 auctor
711 2514 955 2596 criminationis,
989 2513 1095 2579 nullus
1123 2521 1298 2596 accusator,

163 2623 268 2688 nullus
292 2625 452 2708 professor
475 2624 664 2690 delationis“
688 2625 877 2708 exstitisset,
901 2636 933 2690 et
955 2626 1017 2690 alia
1039 2649 1078 2690 ex
1101 2635 1189 2709 parte
1210 2648 1300 2689 soror

163 2735 224 2818 ipsi
246 2743 416 2804 testaretur
439 2735 538 2818 „nulli
561 2759 630 2800 eam
654 2759 688 2802 se
710 2737 848 2802 virorum
870 2738 1075 2802 familiaritati
1097 2737 1255 2803 dedisse.“

263 2847 338 2911 Fuit
365 2871 441 2933 ergo
464 2847 638 2912 Ambrosio
665 2871 867 2944 persuasum,
895 2849 1051 2914 Indicium
1079 2850 1195 2937 injuste
1222 2873 1297 2915 eon·

160 2956 339 3022 damnatam
364 2983 447 3042 esse,
472 2959 597 3043 placide
620 2958 758 3044 denique
781 2962 920 3045 acceptis
940 2962 1129 3026 testimoniis
1150 2947 1299 3048 paternae

160 3069 261 3152 filiae,
289 3081 320 3134 et
347 3071 478 3136 nutricis
501 3071 658 3156 Indiciae,
682 3076 755 3159 jure
778 3073 951 3159 praepositi
974 3074 1078 3156 nisus,
1102 3057 1189 3138 irrisit
1210 3074 1298 3138 illam

163 3277 366 3288 ..η-.-

230 3368 263 3436 55)
283 3368 332 3436 Op.
351 3369 395 3422 cit.
413 3370 489 3424 Tom.
499 3371 533 3426 V.
551 3388 614 3441 pag.
627 3375 686 3428 655.
1007 3430 1011 3439 ,
1250 3443 1254 3454 ⁴

228 3464 262 3531 51)
280 3463 333 3517 Die
352 3464 570 3534 vorzllglichsten
588 3467 869 3537 Denkwilrdigkeiten
894 3470 943 3524 der
961 3469 1069 3525 Christi.
1089 3470 1169 3524 Kath.
1184 3469 1297 3524 Kirche.

158 3557 244 3610 llainz
265 3558 341 3612 1825.
377 3559 453 3612 Tom.
467 3559 487 3612 Ι.
506 3565 582 3628 parte
594 3562 627 3615 Il.
646 3578 705 3632 cap.
718 3564 791 3618 VllI.
809 3580 872 3633 pag.
885 3565 944 3620 521.

228 3652 261 3719 ⁵²)
279 3653 442 3708 Dissertatio
466 3653 593 3710 historica
612 3657 646 3711 de
664 3657 777 3729 Synodo
795 3661 890 3728 quinta
908 3661 1081 3714 oecumenica
1099 3661 1126 3715 iu
1145 3661 1210 3716 edit
1229 3661 1297 3730 Ope·

157 3762 223 3800 rum.
253 3747 378 3802 Veronae
398 3749 552 3804 1729-32.
1013 3799 1016 3806 ,
1114 3793 1117 3802 ,

228 3841 261 3909 ⁵³)
279 3840 448 3898 Inadoeicus
465 3841 562 3900 Ellies
579 3844 705 3918 Dapin:
740 3850 817 3904 Nova
840 3850 1009 3904 Bibliotheca
1036 3851 1185 3905 Auctorum
1212 3851 1294 3906 eecle-

156 3935 325 3991 siastioorum
344 3937 473 3993 Coloniae
491 3940 607 4010 Agripp.
627 3944 701 3997 1692.
720 3959 763 4011 ap.
782 3944 974 4012 Huguetanum
992 3945 1068 3999 'l'orn
1082 3945 1114 3999 Il.
1134 3961 1196 4013 pag.
1210 3947 1269 4000 485.

227 4029 260 4098 ⁵⁴)
278 4031 308 4084 In
332 4032 448 4100 epistola
471 4035 507 4088 ad
529 4032 687 4102 Illieolaupa
713 4033 844 4092 Coleturn
867 4038 894 4091 in
918 4037 994 4092 Toni.
1008 4039 1041 4093 V.
1060 4056 1104 4106 op.
1123 4040 1167 4094 eit.
1187 4039 1296 4110 Ughelll

155 4139 217 4192 pag.
228 4124 287 4182 673.

225 4218 260 4287 ⁵⁵)
277 4217 389 4292 Josepa
407 4221 536 4278 Fessler:
571 4225 627 4279 Der
645 4223 810 4279 kanonische
828 4227 943 4280 Proaess
961 4227 1030 4281 nach
1049 4229 1141 4284 seinen
1159 4231 1296 4300 positiven

155 4310 338 4383 Grundlagen.
374 4315 454 4370 Wien
474 4318 548 4372 1860.
586 4324 609 4382 §-
620 4320 643 4372 7.
656 4335 719 4388 pag.
732 4320 773 4374 65.
