3012 4936
648 1513 1055 1701 runnu

706 1981 823 2062 Caput
845 1980 889 2043 Ι.-

218 2138 284 2194 vro
301 2141 329 2192 et
346 2139 435 2194 surus
454 2139 480 2195 s,
499 2139 619 2196 Zenonis
664 2182 1133 2195 .......
1136 2115 1137 2120 ‘
1204 2180 1211 2192 .
1282 2074 1357 2192 ,μζ

635 2337 638 2340 ·
696 2317 813 2396 Caput
835 2315 878 2378 ΙΙ.

218 2443 392 2518 Argumentis¹
405 2447 607 2519 proponuntur,
626 2447 868 2530 quue‘s'ententism
887 2450 915 2504 in
932 2447 1106 2520 praecedenti
1123 2447 1212 2520 capite
1229 2464 1291 2518 pro·

254 2541 336 2597 lutam
355 2542 498 2598 adstruant
583 2579 1289 2599 ..........
1327 2545 1358 2598 16

290 2627 388 2694 Sectio
404 2637 431 2692 I.
468 2638 544 2694 Unus
561 2642 664 2696 tuntum
683 2637 735 2694 mit
751 2639 833 2710 Zeno,
851 2639 1004 2708 Episcopus
1021 2638 1195 2708 Veronensis,
1212 2637 1291 2708 isque

360 2737 521 2788 tractatuum
540 2733 565 2788 ei
583 2734 771 2792 attributorum
789 2739 884 2790 auctor
895 2773 1290 2789 ......
1327 2733 1358 2786 li

290 2821 387 2882 Scotto
405 2823 448 2882 II.
485 2827 512 2882 S,
530 2825 604 2882 Zeno
622 2827 775 2898 Episcopus
792 2829 958 2884 Veronensis
976 2833 1073 2898 quarto
1091 2829 1161 2883 vixit
1182 2826 1291 2882 soeculo
1326 2827 1360 2880 22

359 2926 382 2985 5.
401 2923 426 2974 1.
461 2921 631 2989 Argumenta
648 2937 682 2976 ex
700 2923 862 2977 zenonianis
885 2921 1043 2976 tractatibus
1066 2927 1174 2990 sumpta
1194 2922 1228 2975 ad
1247 2921 1293 2975 de-

461 3015 677 3084 monstrandum,
705 3031 753 3069 eos
779 3015 886 3070 nonnisi
913 3021 1009 3085 quarto
1034 3014 1143 3070 saeculo
1168 3015 1293 3070 conditos

463 3124 524 3164 esse
542 3108 664 3180 potuisse
694 3169 697 3176 ⁸
744 3150 1293 3164 ........
1328 3111 1363 3164 22

357 3209 381 3270 §-
399 3204 423 3258 2.
459 3201 601 3271 Haeresim
621 3203 750 3259 Arionem
769 3221 786 3258 a
802 3203 915 3259 Zenone
936 3203 1038 3285 pluries
1064 3209 1192 3260 attactum
1219 3220 1293 3275 esse,

463 3298 663 3355 demonstretur
741 3339 1293 3354 ........
1329 3299 1363 3352 27

358 3399 381 3461 5.
402 3395 427 3448 3.
463 3394 659 3450 Testimonium
678 3395 705 3450 S.
717 3393 866 3465 Ambrosii,
884 3393 1014 3464 Episcopi
1032 3393 1242 3451 Mediolanensis
1260 3393 1294 3448 de

461 3488 489 3544 S·
506 3488 616 3544 Zenone
634 3490 662 3544 in
680 3490 797 3559 epistole
808 3491 828 3544 Ι.
847 3488 882 3543 ad
901 3489 1045 3560 siagrium,
1062 3489 1227 3559 Episcopum
1240 3488 1294 3542 Ve-
1321 3471 1324 3476 ¹

461 3599 604 3639 renensem
622 3584 768 3653 diligenter
786 3584 967 3652 examinatur3
986 3600 1018 3638 ea
1035 3583 1206 3652 praesertim,
1224 3598 1294 3652 quoe

461 3677 504 3732 Fr.
522 3676 677 3732 Bonschius
695 3677 856 3733 contradicit
873 3677 1060 3733 refelluntur.
1132 3720 1138 3732 .
1210 3718 1216 3731 .
1287 3719 1293 3730 .
1330 3677 1364 3732 40

357 3777 381 3838 ς.
399 3773 424 3828 4.
461 3772 533 3828 Ordo
546 3772 744 3843 Episcoporum
755 3773 953 3829 veronensium
972 3789 1006 3828 ex
1024 3772 1135 3842 antiquo
1155 3771 1295 3842 Rhythmo

461 3871 583 3937 tempore
600 3866 699 3938 Pipini‚
718 3866 808 3922 Caroli
820 3869 913 3939 Magni
931 3863 981 3922 filii
999 3866 1153 3937 conscripto
1172 3867 1295 3922 conside·

462 3966 537 4016 retur
586 4003 1295 4018 ..........
1330 3961 1366 4014 52

289 4053 386 4114 Sectio
407 4055 469 4111 ΙΙΙ.
505 4057 578 4112 Zeno
596 4061 700 4111 tantumn
718 4057 877 4128 confessor,
896 4074 950 4113 non
968 4059 1070 4127 martyr
1087 4055 1139 4112 mit
1211 4097 1217 4109 .
1288 4095 1294 4108 .
1330 4055 1365 4107 57

323 4151 504 4207 Articulus
520 4152 542 4206 I.
577 4152 745 4208 Testimonia
762 4170 811 4223 pro
829 4151 959 4223 martyrio
975 4151 1093 4206 Zenonis
1111 4150 1298 4206 examinantur
1331 4149 1366 4203 58
1439 4205 1441 4210 ,

359 4252 382 4311 §-
404 4250 427 4302 1.
462 4246 578 4301 Nomina
601 4245 794 4302 consessorum
819 4251 847 4302 et
868 4247 1015 4316 Martyrum
1038 4246 1198 4317 saepissime
1224 4244 1298 4315 apud

349 4391 352 4398 Δ
459 4346 566 4398 veteres
583 4341 731 4413 scriptores
752 4331 866 4397 confuse
883 4356 944 4396 esse
962 4330 1161 4398 demonstratur
1210 4380 1216 4394 .
1289 4338 1367 4394 .58
