<?xml version="1.0" encoding="UTF-8"?>
<!DOCTYPE html PUBLIC "-//W3C//DTD XHTML 1.0 Transitional//EN"
    "http://www.w3.org/TR/xhtml1/DTD/xhtml1-transitional.dtd">
<html xmlns="http://www.w3.org/1999/xhtml" xml:lang="en" lang="en">
 <head>
  <title>
</title>
<meta http-equiv="Content-Type" content="text/html;charset=utf-8" />
  <meta name='ocr-system' content='tesseract 3.04.00' />
  <meta name='ocr-capabilities' content='ocr_page ocr_carea ocr_par ocr_line ocrx_word'/>
</head>
<body>
  <div class='ocr_page' id='page_1' title='image "./zenoveronensise00jazdgoog_0086.png"; bbox 0 0 3012 4936; ppageno 0'>
   <div class='ocr_carea' id='block_1_1' title="bbox 708 262 745 325">
    <p class='ocr_par' dir='ltr' id='par_1_1' title="bbox 708 262 745 325">
     <span class='ocr_line' id='line_1_1' title="bbox 708 262 745 325; baseline 0 0"><span class='ocrx_word' id='word_1_1' title='bbox 708 262 745 325; x_wconf 81' lang='lat' dir='ltr'><strong>st</strong></span> 
     </span>
    </p>
   </div>
   <div class='ocr_carea' id='block_1_2' title="bbox 138 417 1305 3967">
    <p class='ocr_par' dir='ltr' id='par_1_2' title="bbox 138 417 1305 3967">
     <span class='ocr_line' id='line_1_2' title="bbox 156 417 1296 510; baseline -0.003 -21"><span class='ocrx_word' id='word_1_2' title='bbox 156 429 238 490; x_wconf 74' lang='grc'>01000</span> <span class='ocrx_word' id='word_1_3' title='bbox 256 423 301 510; x_wconf 71' lang='lat'><strong>⁷³)</strong></span> <span class='ocrx_word' id='word_1_4' title='bbox 329 420 630 501; x_wconf 80' lang='lat' dir='ltr'><strong>commemoramus,</strong></span> <span class='ocrx_word' id='word_1_5' title='bbox 654 459 694 468; x_wconf 87' lang='lat'><strong>-</strong></span> <span class='ocrx_word' id='word_1_6' title='bbox 729 421 817 484; x_wconf 82' lang='lat' dir='ltr'>Zeno</span> <span class='ocrx_word' id='word_1_7' title='bbox 852 421 882 483; x_wconf 93' lang='lat' dir='ltr'><strong>in</strong></span> <span class='ocrx_word' id='word_1_8' title='bbox 911 417 1092 506; x_wconf 79' lang='lat' dir='ltr'><strong>eloquentia</strong></span> <span class='ocrx_word' id='word_1_9' title='bbox 1118 425 1150 485; x_wconf 75' lang='lat' dir='ltr'><strong>&#39;et</strong></span> <span class='ocrx_word' id='word_1_10' title='bbox 1171 421 1208 492; x_wconf 50' lang='lat' dir='ltr'><strong>vi.</strong></span> <span class='ocrx_word' id='word_1_11' title='bbox 1226 445 1296 486; x_wconf 83' lang='lat' dir='ltr'><strong>ora·</strong></span> 
     </span>
     <span class='ocr_line' id='line_1_3' title="bbox 155 531 1295 618; baseline -0.004 -17"><span class='ocrx_word' id='word_1_12' title='bbox 155 537 253 602; x_wconf 87' lang='lat' dir='ltr'><strong>tionis</strong></span> <span class='ocrx_word' id='word_1_13' title='bbox 277 531 445 598; x_wconf 88' lang='lat' dir='ltr'><strong>antecellit.</strong></span> <span class='ocrx_word' id='word_1_14' title='bbox 487 531 540 595; x_wconf 80' lang='lat' dir='ltr'><strong>Ex</strong></span> <span class='ocrx_word' id='word_1_15' title='bbox 556 531 722 598; x_wconf 50' lang='lat' dir='ltr'><strong>»veteribus</strong></span> <span class='ocrx_word' id='word_1_16' title='bbox 745 533 955 618; x_wconf 82' lang='lat' dir='ltr'><strong>scriptoribus</strong></span> <span class='ocrx_word' id='word_1_17' title='bbox 978 533 1149 618; x_wconf 84' lang='lat' dir='ltr'><strong>praecipue</strong></span> <span class='ocrx_word' id='word_1_18' title='bbox 1165 532 1295 600; x_wconf 78' lang='lat' dir='ltr'><strong>Cicero-</strong></span> 
     </span>
     <span class='ocr_line' id='line_1_4' title="bbox 156 641 1295 730; baseline -0.004 -18"><span class='ocrx_word' id='word_1_19' title='bbox 156 669 230 712; x_wconf 86' lang='lat' dir='ltr'><strong>nem</strong></span> <span class='ocrx_word' id='word_1_20' title='bbox 254 642 433 729; x_wconf 83' lang='lat' dir='ltr'><strong>exemplum</strong></span> <span class='ocrx_word' id='word_1_21' title='bbox 457 643 518 708; x_wconf 89' lang='lat' dir='ltr'>sibi</span> <span class='ocrx_word' id='word_1_22' title='bbox 541 641 674 730; x_wconf 86' lang='lat' dir='ltr'><strong>delegit,</strong></span> <span class='ocrx_word' id='word_1_23' title='bbox 702 645 861 728; x_wconf 72' lang='lat' dir='ltr'>saepeque</span> <span class='ocrx_word' id='word_1_24' title='bbox 889 643 930 708; x_wconf 88' lang='lat' dir='ltr'><strong>ad</strong></span> <span class='ocrx_word' id='word_1_25' title='bbox 957 643 1088 708; x_wconf 90' lang='lat' dir='ltr'><strong>verbum</strong></span> <span class='ocrx_word' id='word_1_26' title='bbox 1117 653 1201 708; x_wconf 87' lang='lat' dir='ltr'><strong>totas</strong></span> <span class='ocrx_word' id='word_1_27' title='bbox 1224 667 1295 708; x_wconf 88' lang='lat' dir='ltr'><strong>sen-</strong></span> 
     </span>
     <span class='ocr_line' id='line_1_5' title="bbox 156 753 1296 840; baseline -0.003 -17"><span class='ocrx_word' id='word_1_28' title='bbox 156 757 272 823; x_wconf 81' lang='lat' dir='ltr'><strong>tentias</strong></span> <span class='ocrx_word' id='word_1_29' title='bbox 295 780 335 820; x_wconf 84' lang='lat' dir='ltr'><strong>ex</strong></span> <span class='ocrx_word' id='word_1_30' title='bbox 357 779 394 820; x_wconf 90' lang='lat' dir='ltr'><strong>eo</strong></span> <span class='ocrx_word' id='word_1_31' title='bbox 417 755 720 840; x_wconf 82' lang='lat' dir='ltr'><strong>exscriptashabet.</strong></span> <span class='ocrx_word' id='word_1_32' title='bbox 757 755 835 821; x_wconf 89' lang='lat' dir='ltr'><strong>Non</strong></span> <span class='ocrx_word' id='word_1_33' title='bbox 852 756 957 820; x_wconf 85' lang='lat' dir='ltr'><strong>minus</strong></span> <span class='ocrx_word' id='word_1_34' title='bbox 972 754 1104 840; x_wconf 87' lang='lat' dir='ltr'><strong>Virgilii</strong></span> <span class='ocrx_word' id='word_1_35' title='bbox 1120 753 1208 838; x_wconf 88' lang='lat' dir='ltr'><strong>apud</strong></span> <span class='ocrx_word' id='word_1_36' title='bbox 1224 779 1296 820; x_wconf 90' lang='lat' dir='ltr'><strong>eum</strong></span> 
     </span>
     <span class='ocr_line' id='line_1_6' title="bbox 158 865 1295 954; baseline -0.004 -19"><span class='ocrx_word' id='word_1_37' title='bbox 158 878 305 935; x_wconf 72' lang='lat' dir='ltr'><strong>accurrate</strong></span> <span class='ocrx_word' id='word_1_38' title='bbox 330 868 442 932; x_wconf 90' lang='lat' dir='ltr'><strong>notitia</strong></span> <span class='ocrx_word' id='word_1_39' title='bbox 468 869 651 954; x_wconf 79' lang='lat' dir='ltr'><strong>inspicitur,</strong></span> <span class='ocrx_word' id='word_1_40' title='bbox 678 869 838 953; x_wconf 83' lang='lat' dir='ltr'>habetque</span> <span class='ocrx_word' id='word_1_41' title='bbox 865 893 905 932; x_wconf 86' lang='lat' dir='ltr'><strong>ex</strong></span> <span class='ocrx_word' id='word_1_42' title='bbox 929 868 994 933; x_wconf 65' lang='lat' dir='ltr'><strong>&#39;hoc</strong></span> <span class='ocrx_word' id='word_1_43' title='bbox 1020 877 1116 952; x_wconf 89' lang='lat' dir='ltr'><strong>poeta</strong></span> <span class='ocrx_word' id='word_1_44' title='bbox 1141 865 1295 932; x_wconf 88' lang='lat' dir='ltr'><strong>laudatis-</strong></span> 
     </span>
     <span class='ocr_line' id='line_1_7' title="bbox 158 979 1296 1068; baseline -0.002 -22"><span class='ocrx_word' id='word_1_45' title='bbox 158 982 239 1046; x_wconf 91' lang='lat' dir='ltr'><strong>simo</strong></span> <span class='ocrx_word' id='word_1_46' title='bbox 261 1003 371 1046; x_wconf 90' lang='lat' dir='ltr'><strong>versus</strong></span> <span class='ocrx_word' id='word_1_47' title='bbox 394 980 517 1045; x_wconf 89' lang='lat' dir='ltr'><strong>allatos.</strong></span> <span class='ocrx_word' id='word_1_48' title='bbox 563 981 738 1068; x_wconf 78' lang='lat' dir='ltr'><strong>Praecipue</strong></span> <span class='ocrx_word' id='word_1_49' title='bbox 760 991 867 1046; x_wconf 90' lang='lat' dir='ltr'><strong>tamen</strong></span> <span class='ocrx_word' id='word_1_50' title='bbox 890 980 1050 1045; x_wconf 87' lang='lat' dir='ltr'><strong>Zenonem</strong></span> <span class='ocrx_word' id='word_1_51' title='bbox 1074 981 1108 1044; x_wconf 89' lang='grc'><strong>10</strong></span> <span class='ocrx_word' id='word_1_52' title='bbox 1127 979 1296 1044; x_wconf 79' lang='lat' dir='ltr'><strong>Africano-</strong></span> 
     </span>
     <span class='ocr_line' id='line_1_8' title="bbox 155 1092 1296 1179; baseline -0.003 -21"><span class='ocrx_word' id='word_1_53' title='bbox 155 1117 225 1158; x_wconf 87' lang='lat' dir='ltr'><strong>rum</strong></span> <span class='ocrx_word' id='word_1_54' title='bbox 247 1093 440 1177; x_wconf 88' lang='lat' dir='ltr'><strong>scriptorum</strong></span> <span class='ocrx_word' id='word_1_55' title='bbox 462 1092 585 1158; x_wconf 86' lang='lat' dir='ltr'><strong>lectura</strong></span> <span class='ocrx_word' id='word_1_56' title='bbox 606 1093 739 1158; x_wconf 90' lang='lat' dir='ltr'><strong>multam</strong></span> <span class='ocrx_word' id='word_1_57' title='bbox 768 1092 966 1179; x_wconf 82' lang='lat' dir='ltr'><strong>diligentiam</strong></span> <span class='ocrx_word' id='word_1_58' title='bbox 1000 1093 1162 1178; x_wconf 89' lang='lat' dir='ltr'><strong>posuisse,</strong></span> <span class='ocrx_word' id='word_1_59' title='bbox 1193 1101 1296 1176; x_wconf 89' lang='lat' dir='ltr'><strong>patet:</strong></span> 
     </span>
     <span class='ocr_line' id='line_1_9' title="bbox 154 1201 1296 1293; baseline -0.001 -23"><span class='ocrx_word' id='word_1_60' title='bbox 154 1206 312 1293; x_wconf 84' lang='lat' dir='ltr'><strong>imprimis</strong></span> <span class='ocrx_word' id='word_1_61' title='bbox 341 1214 447 1291; x_wconf 85' lang='lat' dir='ltr'><strong>autem</strong></span> <span class='ocrx_word' id='word_1_62' title='bbox 474 1214 600 1289; x_wconf 89' lang='lat' dir='ltr'><strong>praeter</strong></span> <span class='ocrx_word' id='word_1_63' title='bbox 621 1205 853 1270; x_wconf 81' lang='lat' dir='ltr'><strong>Tertullianum</strong></span> <span class='ocrx_word' id='word_1_64' title='bbox 882 1212 913 1268; x_wconf 90' lang='lat' dir='ltr'><strong>et</strong></span> <span class='ocrx_word' id='word_1_65' title='bbox 936 1201 1135 1290; x_wconf 84' lang='lat' dir='ltr'><strong>Cyprianum</strong></span> <span class='ocrx_word' id='word_1_66' title='bbox 1157 1205 1191 1267; x_wconf 93' lang='lat' dir='ltr'><strong>in</strong></span> <span class='ocrx_word' id='word_1_67' title='bbox 1212 1205 1296 1270; x_wconf 88' lang='lat' dir='ltr'><strong>Lac-</strong></span> 
     </span>
     <span class='ocr_line' id='line_1_10' title="bbox 153 1313 1296 1402; baseline -0.003 -18"><span class='ocrx_word' id='word_1_68' title='bbox 153 1319 247 1384; x_wconf 88' lang='lat' dir='ltr'><strong>tantii</strong></span> <span class='ocrx_word' id='word_1_69' title='bbox 269 1315 420 1402; x_wconf 90' lang='lat' dir='ltr'><strong>operibus</strong></span> <span class='ocrx_word' id='word_1_70' title='bbox 442 1315 678 1382; x_wconf 86' lang='lat' dir='ltr'><strong>versatissimus</strong></span> <span class='ocrx_word' id='word_1_71' title='bbox 700 1317 774 1400; x_wconf 90' lang='lat' dir='ltr'><strong>fuit,</strong></span> <span class='ocrx_word' id='word_1_72' title='bbox 798 1338 950 1399; x_wconf 87' lang='lat' dir='ltr'><strong>quocum,</strong></span> <span class='ocrx_word' id='word_1_73' title='bbox 978 1323 1021 1382; x_wconf 79' lang='lat' dir='ltr'><strong>ut.</strong></span> <span class='ocrx_word' id='word_1_74' title='bbox 1031 1318 1098 1400; x_wconf 88' lang='lat' dir='ltr'><strong>jam</strong></span> <span class='ocrx_word' id='word_1_75' title='bbox 1122 1315 1218 1399; x_wconf 90' lang='lat' dir='ltr'><strong>supra</strong></span> <span class='ocrx_word' id='word_1_76' title='bbox 1239 1313 1296 1380; x_wconf 87' lang='lat' dir='ltr'><strong>ad-</strong></span> 
     </span>
     <span class='ocr_line' id='line_1_11' title="bbox 138 1413 1297 1510; baseline -0.004 -15"><span class='ocrx_word' id='word_1_77' title='bbox 138 1429 337 1504; x_wconf 84' lang='lat' dir='ltr'><strong>notavimus</strong></span> <span class='ocrx_word' id='word_1_78' title='bbox 355 1426 522 1510; x_wconf 80' lang='lat' dir='ltr'><strong>permulta</strong></span> <span class='ocrx_word' id='word_1_79' title='bbox 548 1426 645 1492; x_wconf 88' lang='lat' dir='ltr'><strong>habet</strong></span> <span class='ocrx_word' id='word_1_80' title='bbox 675 1427 804 1492; x_wconf 88' lang='lat' dir='ltr'><strong>similia:</strong></span> <span class='ocrx_word' id='word_1_81' title='bbox 841 1426 968 1492; x_wconf 90' lang='lat' dir='ltr'><strong>easdem</strong></span> <span class='ocrx_word' id='word_1_82' title='bbox 1000 1427 1096 1492; x_wconf 90' lang='lat' dir='ltr'><strong>habet</strong></span> <span class='ocrx_word' id='word_1_83' title='bbox 1128 1413 1297 1492; x_wconf 86' lang='lat' dir='ltr'><strong>verborum</strong></span> 
     </span>
     <span class='ocr_line' id='line_1_12' title="bbox 156 1537 1297 1625; baseline -0.004 -18"><span class='ocrx_word' id='word_1_84' title='bbox 156 1539 420 1620; x_wconf 86' lang='lat' dir='ltr'><strong>constructiones,</strong></span> <span class='ocrx_word' id='word_1_85' title='bbox 443 1537 556 1604; x_wconf 90' lang='lat' dir='ltr'><strong>eodem</strong></span> <span class='ocrx_word' id='word_1_86' title='bbox 579 1538 675 1604; x_wconf 88' lang='lat' dir='ltr'><strong>modo</strong></span> <span class='ocrx_word' id='word_1_87' title='bbox 698 1549 770 1625; x_wconf 87' lang='lat' dir='ltr'><strong>apte</strong></span> <span class='ocrx_word' id='word_1_88' title='bbox 794 1539 967 1604; x_wconf 88' lang='lat' dir='ltr'><strong>sententias</strong></span> <span class='ocrx_word' id='word_1_89' title='bbox 991 1538 1179 1616; x_wconf 73' lang='lat' dir='ltr'><strong>conform‘at3</strong></span> <span class='ocrx_word' id='word_1_90' title='bbox 1203 1539 1297 1603; x_wconf 86' lang='lat' dir='ltr'><strong>etiam</strong></span> 
     </span>
     <span class='ocr_line' id='line_1_13' title="bbox 155 1649 1296 1733; baseline -0.004 -15"><span class='ocrx_word' id='word_1_91' title='bbox 155 1653 316 1718; x_wconf 89' lang='lat' dir='ltr'><strong>Hilarium</strong></span> <span class='ocrx_word' id='word_1_92' title='bbox 341 1651 374 1716; x_wconf 95' lang='lat' dir='ltr'><strong>in</strong></span> <span class='ocrx_word' id='word_1_93' title='bbox 396 1649 505 1715; x_wconf 89' lang='lat' dir='ltr'><strong>multis</strong></span> <span class='ocrx_word' id='word_1_94' title='bbox 528 1660 602 1715; x_wconf 87' lang='lat' dir='ltr'><strong>ante</strong></span> <span class='ocrx_word' id='word_1_95' title='bbox 625 1652 741 1716; x_wconf 84' lang='lat' dir='ltr'><strong>oculos·</strong></span> <span class='ocrx_word' id='word_1_96' title='bbox 758 1650 906 1733; x_wconf 86' lang='lat' dir='ltr'><strong>habebat,</strong></span> <span class='ocrx_word' id='word_1_97' title='bbox 929 1651 974 1715; x_wconf 88' lang='lat' dir='ltr'><strong>ita</strong></span> <span class='ocrx_word' id='word_1_98' title='bbox 996 1660 1031 1715; x_wconf 91' lang='lat' dir='ltr'><strong>ut</strong></span> <span class='ocrx_word' id='word_1_99' title='bbox 1045 1651 1196 1715; x_wconf 84' lang='lat' dir='ltr'><strong>attentius</strong></span> <span class='ocrx_word' id='word_1_100' title='bbox 1212 1649 1296 1715; x_wconf 83' lang='lat' dir='ltr'><strong>Lac-</strong></span> 
     </span>
     <span class='ocr_line' id='line_1_14' title="bbox 153 1762 1296 1849; baseline -0.002 -20"><span class='ocrx_word' id='word_1_101' title='bbox 153 1764 246 1830; x_wconf 88' lang='lat' dir='ltr'><strong>tantii</strong></span> <span class='ocrx_word' id='word_1_102' title='bbox 274 1771 305 1829; x_wconf 90' lang='lat' dir='ltr'><strong>et</strong></span> <span class='ocrx_word' id='word_1_103' title='bbox 331 1762 450 1827; x_wconf 89' lang='lat' dir='ltr'><strong>Hilarii</strong></span> <span class='ocrx_word' id='word_1_104' title='bbox 477 1786 574 1849; x_wconf 88' lang='lat' dir='ltr'><strong>opera</strong></span> <span class='ocrx_word' id='word_1_105' title='bbox 606 1762 845 1848; x_wconf 82' lang='lat' dir='ltr'><strong>perlegentibus</strong></span> <span class='ocrx_word' id='word_1_106' title='bbox 878 1785 978 1846; x_wconf 90' lang='lat' dir='ltr'><strong>eoque</strong></span> <span class='ocrx_word' id='word_1_107' title='bbox 1010 1785 1082 1826; x_wconf 92' lang='lat' dir='ltr'><strong>cum</strong></span> <span class='ocrx_word' id='word_1_108' title='bbox 1106 1762 1296 1828; x_wconf 90' lang='lat' dir='ltr'><strong>Zenonianis</strong></span> 
     </span>
     <span class='ocr_line' id='line_1_15' title="bbox 152 1872 1295 1962; baseline -0.002 -20"><span class='ocrx_word' id='word_1_109' title='bbox 152 1877 342 1943; x_wconf 87' lang='lat' dir='ltr'><strong>tractatibus</strong></span> <span class='ocrx_word' id='word_1_110' title='bbox 365 1875 639 1961; x_wconf 88' lang='lat' dir='ltr'><strong>comparantibus,</strong></span> <span class='ocrx_word' id='word_1_111' title='bbox 662 1875 802 1940; x_wconf 85' lang='lat' dir='ltr'><strong>maxima</strong></span> <span class='ocrx_word' id='word_1_112' title='bbox 824 1876 856 1938; x_wconf 93' lang='lat' dir='ltr'><strong>in</strong></span> <span class='ocrx_word' id='word_1_113' title='bbox 877 1875 922 1939; x_wconf 91' lang='lat' dir='ltr'><strong>eis</strong></span> <span class='ocrx_word' id='word_1_114' title='bbox 939 1872 1115 1939; x_wconf 87' lang='lat' dir='ltr'><strong>similitudo</strong></span> <span class='ocrx_word' id='word_1_115' title='bbox 1131 1885 1162 1939; x_wconf 93' lang='lat' dir='ltr'><strong>et</strong></span> <span class='ocrx_word' id='word_1_116' title='bbox 1178 1898 1295 1962; x_wconf 86' lang='lat' dir='ltr'><strong>cogna-</strong></span> 
     </span>
     <span class='ocr_line' id='line_1_16' title="bbox 154 1985 1296 2076; baseline -0.001 -24"><span class='ocrx_word' id='word_1_117' title='bbox 154 1989 200 2052; x_wconf 85' lang='lat' dir='ltr'><strong>tio</strong></span> <span class='ocrx_word' id='word_1_118' title='bbox 235 1987 295 2050; x_wconf 90' lang='lat' dir='ltr'><strong>sub</strong></span> <span class='ocrx_word' id='word_1_119' title='bbox 328 1995 492 2069; x_wconf 88' lang='lat' dir='ltr'><strong>aspectum</strong></span> <span class='ocrx_word' id='word_1_120' title='bbox 525 1985 633 2068; x_wconf 86' lang='lat' dir='ltr'><strong>cadat,</strong></span> <span class='ocrx_word' id='word_1_121' title='bbox 668 2009 797 2076; x_wconf 84' lang='lat' dir='ltr'><strong>necesse</strong></span> <span class='ocrx_word' id='word_1_122' title='bbox 825 1989 876 2051; x_wconf 87' lang='lat' dir='ltr'><strong>sit.</strong></span> <span class='ocrx_word' id='word_1_123' title='bbox 905 2027 946 2036; x_wconf 81' lang='lat'><strong>-</strong></span> <span class='ocrx_word' id='word_1_124' title='bbox 990 1987 1039 2052; x_wconf 91' lang='lat' dir='ltr'><strong>Ut</strong></span> <span class='ocrx_word' id='word_1_125' title='bbox 1059 2010 1123 2050; x_wconf 91' lang='grc'><strong>000</strong></span> <span class='ocrx_word' id='word_1_126' title='bbox 1145 2011 1184 2051; x_wconf 85' lang='lat' dir='ltr'><strong>ex</strong></span> <span class='ocrx_word' id='word_1_127' title='bbox 1207 1996 1296 2073; x_wconf 85' lang='lat' dir='ltr'><strong>parte</strong></span> 
     </span>
     <span class='ocr_line' id='line_1_17' title="bbox 156 2096 1295 2182; baseline 0 -19"><span class='ocrx_word' id='word_1_128' title='bbox 156 2097 316 2163; x_wconf 90' lang='lat' dir='ltr'><strong>orationes</strong></span> <span class='ocrx_word' id='word_1_129' title='bbox 339 2096 477 2162; x_wconf 88' lang='lat' dir='ltr'><strong>Zenonis</strong></span> <span class='ocrx_word' id='word_1_130' title='bbox 501 2097 682 2182; x_wconf 88' lang='lat' dir='ltr'><strong>significant</strong></span> <span class='ocrx_word' id='word_1_131' title='bbox 705 2096 866 2180; x_wconf 85' lang='lat' dir='ltr'><strong>quandam</strong></span> <span class='ocrx_word' id='word_1_132' title='bbox 899 2099 1033 2161; x_wconf 89' lang='lat' dir='ltr'><strong>formam</strong></span> <span class='ocrx_word' id='word_1_133' title='bbox 1068 2099 1207 2182; x_wconf 84' lang='lat' dir='ltr'><strong>ingenii,</strong></span> <span class='ocrx_word' id='word_1_134' title='bbox 1239 2098 1295 2163; x_wconf 92' lang='lat' dir='ltr'><strong>ad·</strong></span> 
     </span>
     <span class='ocr_line' id='line_1_18' title="bbox 155 2209 1295 2296; baseline -0.001 -22"><span class='ocrx_word' id='word_1_135' title='bbox 155 2209 287 2276; x_wconf 88' lang='lat' dir='ltr'><strong>modum</strong></span> <span class='ocrx_word' id='word_1_136' title='bbox 310 2209 343 2272; x_wconf 91' lang='lat' dir='ltr'><strong>in</strong></span> <span class='ocrx_word' id='word_1_137' title='bbox 366 2209 495 2295; x_wconf 90' lang='lat' dir='ltr'><strong>optimis</strong></span> <span class='ocrx_word' id='word_1_138' title='bbox 517 2209 625 2274; x_wconf 90' lang='lat' dir='ltr'><strong>latinis</strong></span> <span class='ocrx_word' id='word_1_139' title='bbox 648 2209 857 2294; x_wconf 80' lang='lat' dir='ltr'><strong>scriptoribus</strong></span> <span class='ocrx_word' id='word_1_140' title='bbox 874 2209 1064 2296; x_wconf 83' lang='lat' dir='ltr'><strong>perpolitam</strong></span> <span class='ocrx_word' id='word_1_141' title='bbox 1080 2218 1111 2273; x_wconf 90' lang='lat' dir='ltr'><strong>et</strong></span> <span class='ocrx_word' id='word_1_142' title='bbox 1127 2209 1295 2291; x_wconf 83' lang='lat' dir='ltr'><strong>excultam,</strong></span> 
     </span>
     <span class='ocr_line' id='line_1_19' title="bbox 154 2321 1297 2408; baseline -0.003 -21"><span class='ocrx_word' id='word_1_143' title='bbox 154 2346 237 2406; x_wconf 91' lang='lat' dir='ltr'><strong>quae</strong></span> <span class='ocrx_word' id='word_1_144' title='bbox 260 2322 289 2386; x_wconf 93' lang='lat' dir='ltr'><strong>ei</strong></span> <span class='ocrx_word' id='word_1_145' title='bbox 312 2321 541 2408; x_wconf 83' lang='lat' dir='ltr'><strong>elegantissimi</strong></span> <span class='ocrx_word' id='word_1_146' title='bbox 564 2323 729 2407; x_wconf 86' lang='lat' dir='ltr'><strong>scriptoris</strong></span> <span class='ocrx_word' id='word_1_147' title='bbox 753 2345 868 2386; x_wconf 91' lang='lat' dir='ltr'><strong>nomen</strong></span> <span class='ocrx_word' id='word_1_148' title='bbox 891 2324 963 2408; x_wconf 85' lang='lat' dir='ltr'><strong>jure</strong></span> <span class='ocrx_word' id='word_1_149' title='bbox 990 2329 1229 2406; x_wconf 84' lang='lat' dir='ltr'><strong>compararunt,</strong></span> <span class='ocrx_word' id='word_1_150' title='bbox 1257 2345 1297 2384; x_wconf 85' lang='lat' dir='ltr'><strong>ex</strong></span> 
     </span>
     <span class='ocr_line' id='line_1_20' title="bbox 155 2431 1297 2517; baseline 0 -21"><span class='ocrx_word' id='word_1_151' title='bbox 155 2434 255 2496; x_wconf 83' lang='lat' dir='ltr'><strong>altera</strong></span> <span class='ocrx_word' id='word_1_152' title='bbox 279 2442 370 2517; x_wconf 88' lang='lat' dir='ltr'><strong>parte</strong></span> <span class='ocrx_word' id='word_1_153' title='bbox 396 2432 527 2496; x_wconf 87' lang='lat' dir='ltr'><strong>minime</strong></span> <span class='ocrx_word' id='word_1_154' title='bbox 559 2433 742 2517; x_wconf 89' lang='lat' dir='ltr'><strong>negandum</strong></span> <span class='ocrx_word' id='word_1_155' title='bbox 776 2443 839 2514; x_wconf 91' lang='lat' dir='ltr'><strong>est,</strong></span> <span class='ocrx_word' id='word_1_156' title='bbox 872 2431 971 2515; x_wconf 92' lang='lat' dir='ltr'><strong>quod·</strong></span> <span class='ocrx_word' id='word_1_157' title='bbox 977 2436 1046 2517; x_wconf 87' lang='lat' dir='ltr'><strong>jam</strong></span> <span class='ocrx_word' id='word_1_158' title='bbox 1067 2433 1242 2496; x_wconf 86' lang='lat' dir='ltr'><strong>Panvinius</strong></span> <span class='ocrx_word' id='word_1_159' title='bbox 1265 2443 1297 2496; x_wconf 90' lang='lat' dir='ltr'><strong>et</strong></span> 
     </span>
     <span class='ocr_line' id='line_1_21' title="bbox 155 2523 1297 2626; baseline 0 -20"><span class='ocrx_word' id='word_1_160' title='bbox 155 2523 379 2606; x_wconf 83' lang='lat' dir='ltr'><strong>Tillemontius</strong></span> <span class='ocrx_word' id='word_1_161' title='bbox 413 2543 641 2624; x_wconf 85' lang='lat' dir='ltr'><strong>observarunt,</strong></span> <span class='ocrx_word' id='word_1_162' title='bbox 675 2567 772 2626; x_wconf 88' lang='lat' dir='ltr'><strong>quam</strong></span> <span class='ocrx_word' id='word_1_163' title='bbox 804 2542 991 2607; x_wconf 90' lang='lat' dir='ltr'><strong>sententiam</strong></span> <span class='ocrx_word' id='word_1_164' title='bbox 1014 2540 1180 2604; x_wconf 90' lang='lat' dir='ltr'><strong>Ballerinii</strong></span> <span class='ocrx_word' id='word_1_165' title='bbox 1203 2541 1297 2626; x_wconf 90' lang='lat' dir='ltr'><strong>plane</strong></span> 
     </span>
     <span class='ocr_line' id='line_1_22' title="bbox 155 2651 1305 2740; baseline -0.002 -22"><span class='ocrx_word' id='word_1_166' title='bbox 155 2677 272 2740; x_wconf 83' lang='lat' dir='ltr'><strong>negare</strong></span> <span class='ocrx_word' id='word_1_167' title='bbox 305 2651 467 2734; x_wconf 83' lang='lat' dir='ltr'><strong>videntur,</strong></span> <span class='ocrx_word' id='word_1_168' title='bbox 495 2693 536 2700; x_wconf 86' lang='lat'>-</span> <span class='ocrx_word' id='word_1_169' title='bbox 570 2654 770 2738; x_wconf 88' lang='lat' dir='ltr'><strong>apertissime</strong></span> <span class='ocrx_word' id='word_1_170' title='bbox 807 2677 846 2717; x_wconf 88' lang='lat' dir='ltr'><strong>ex</strong></span> <span class='ocrx_word' id='word_1_171' title='bbox 880 2652 1071 2716; x_wconf 89' lang='lat' dir='ltr'><strong>Zenonianis</strong></span> <span class='ocrx_word' id='word_1_172' title='bbox 1107 2651 1305 2736; x_wconf 28' lang='lat' dir='ltr'><strong>tractatibus·</strong></span> 
     </span>
     <span class='ocr_line' id='line_1_23' title="bbox 155 2763 1296 2851; baseline -0.001 -22"><span class='ocrx_word' id='word_1_173' title='bbox 155 2765 291 2848; x_wconf 87' lang='lat' dir='ltr'><strong>elucere,</strong></span> <span class='ocrx_word' id='word_1_174' title='bbox 313 2776 476 2830; x_wconf 87' lang='lat' dir='ltr'><strong>auctorem</strong></span> <span class='ocrx_word' id='word_1_175' title='bbox 499 2787 609 2830; x_wconf 88' lang='lat' dir='ltr'><strong>eorum</strong></span> <span class='ocrx_word' id='word_1_176' title='bbox 631 2765 664 2828; x_wconf 92' lang='lat' dir='ltr'><strong>in</strong></span> <span class='ocrx_word' id='word_1_177' title='bbox 687 2763 810 2851; x_wconf 79' lang='lat' dir='ltr'><strong>graecis</strong></span> <span class='ocrx_word' id='word_1_178' title='bbox 834 2787 961 2849; x_wconf 89' lang='lat' dir='ltr'><strong>quoque</strong></span> <span class='ocrx_word' id='word_1_179' title='bbox 983 2763 1096 2828; x_wconf 89' lang='lat' dir='ltr'><strong>litteris</strong></span> <span class='ocrx_word' id='word_1_180' title='bbox 1117 2765 1296 2828; x_wconf 88' lang='lat' dir='ltr'><strong>versatissi-</strong></span> 
     </span>
     <span class='ocr_line' id='line_1_24' title="bbox 153 2874 1295 2962; baseline -0.004 -18"><span class='ocrx_word' id='word_1_181' title='bbox 153 2901 242 2944; x_wconf 92' lang='lat' dir='ltr'><strong>mum</strong></span> <span class='ocrx_word' id='word_1_182' title='bbox 269 2878 382 2959; x_wconf 80' lang='grc'>101000,</span> <span class='ocrx_word' id='word_1_183' title='bbox 416 2877 491 2962; x_wconf 89' lang='grc'>0010</span> <span class='ocrx_word' id='word_1_184' title='bbox 513 2876 629 2942; x_wconf 88' lang='lat' dir='ltr'><strong>multas</strong></span> <span class='ocrx_word' id='word_1_185' title='bbox 652 2876 920 2959; x_wconf 87' lang='lat' dir='ltr'><strong>constructiones,</strong></span> <span class='ocrx_word' id='word_1_186' title='bbox 954 2876 1123 2942; x_wconf 88' lang='lat' dir='ltr'><strong>verborum</strong></span> <span class='ocrx_word' id='word_1_187' title='bbox 1152 2874 1295 2942; x_wconf 89' lang='lat' dir='ltr'><strong>ordinem</strong></span> 
     </span>
     <span class='ocr_line' id='line_1_25' title="bbox 152 2989 1296 3076; baseline -0.003 -20"><span class='ocrx_word' id='word_1_188' title='bbox 152 2995 186 3056; x_wconf 84' lang='lat' dir='ltr'><strong>et</strong></span> <span class='ocrx_word' id='word_1_189' title='bbox 208 3000 398 3056; x_wconf 89' lang='lat' dir='ltr'><strong>structuram</strong></span> <span class='ocrx_word' id='word_1_190' title='bbox 422 2989 616 3075; x_wconf 87' lang='lat' dir='ltr'><strong>singularem</strong></span> <span class='ocrx_word' id='word_1_191' title='bbox 639 2990 671 3054; x_wconf 94' lang='lat' dir='ltr'><strong>in</strong></span> <span class='ocrx_word' id='word_1_192' title='bbox 695 2993 762 3076; x_wconf 91' lang='lat' dir='ltr'><strong>ejus</strong></span> <span class='ocrx_word' id='word_1_193' title='bbox 786 2990 986 3055; x_wconf 89' lang='lat' dir='ltr'><strong>sermonibus</strong></span> <span class='ocrx_word' id='word_1_194' title='bbox 1020 2989 1180 3071; x_wconf 90' lang='lat' dir='ltr'><strong>invenies,</strong></span> <span class='ocrx_word' id='word_1_195' title='bbox 1215 3011 1296 3073; x_wconf 86' lang='lat' dir='ltr'><strong>quae</strong></span> 
     </span>
     <span class='ocr_line' id='line_1_26' title="bbox 152 3100 1294 3189; baseline 0 -25"><span class='ocrx_word' id='word_1_196' title='bbox 152 3123 273 3186; x_wconf 91' lang='lat' dir='ltr'><strong>paucas</strong></span> <span class='ocrx_word' id='word_1_197' title='bbox 295 3101 428 3187; x_wconf 88' lang='lat' dir='ltr'><strong>paginas</strong></span> <span class='ocrx_word' id='word_1_198' title='bbox 452 3102 689 3189; x_wconf 89' lang='lat' dir='ltr'><strong>perlegentibus</strong></span> <span class='ocrx_word' id='word_1_199' title='bbox 709 3105 775 3188; x_wconf 91' lang='lat' dir='ltr'><strong>jam</strong></span> <span class='ocrx_word' id='word_1_200' title='bbox 799 3101 1034 3183; x_wconf 88' lang='lat' dir='ltr'><strong>demonstrant,</strong></span> <span class='ocrx_word' id='word_1_201' title='bbox 1061 3100 1210 3165; x_wconf 90' lang='lat' dir='ltr'><strong>habuisse</strong></span> <span class='ocrx_word' id='word_1_202' title='bbox 1234 3100 1294 3164; x_wconf 90' lang='lat' dir='ltr'><strong>Ze-</strong></span> 
     </span>
     <span class='ocr_line' id='line_1_27' title="bbox 152 3211 1297 3304; baseline -0.002 -28"><span class='ocrx_word' id='word_1_203' title='bbox 152 3231 271 3276; x_wconf 91' lang='lat' dir='ltr'><strong>nonem</strong></span> <span class='ocrx_word' id='word_1_204' title='bbox 304 3233 368 3274; x_wconf 91' lang='lat' dir='ltr'><strong>non</strong></span> <span class='ocrx_word' id='word_1_205' title='bbox 401 3215 549 3298; x_wconf 88' lang='lat' dir='ltr'><strong>exiguam</strong></span> <span class='ocrx_word' id='word_1_206' title='bbox 583 3237 716 3302; x_wconf 86' lang='lat' dir='ltr'><strong>graecae</strong></span> <span class='ocrx_word' id='word_1_207' title='bbox 748 3213 877 3299; x_wconf 83' lang='lat' dir='ltr'><strong>linguae</strong></span> <span class='ocrx_word' id='word_1_208' title='bbox 892 3213 1059 3304; x_wconf 79' lang='lat' dir='ltr'><strong>notitiam:</strong></span> <span class='ocrx_word' id='word_1_209' title='bbox 1091 3211 1174 3276; x_wconf 91' lang='lat' dir='ltr'><strong>adde</strong></span> <span class='ocrx_word' id='word_1_210' title='bbox 1197 3211 1297 3278; x_wconf 89' lang='lat' dir='ltr'><strong>multa</strong></span> 
     </span>
     <span class='ocr_line' id='line_1_28' title="bbox 152 3299 1296 3407; baseline -0.001 -20"><span class='ocrx_word' id='word_1_211' title='bbox 152 3321 270 3404; x_wconf 88' lang='lat' dir='ltr'><strong>verba,</strong></span> <span class='ocrx_word' id='word_1_212' title='bbox 303 3343 384 3404; x_wconf 89' lang='lat' dir='ltr'><strong>quae</strong></span> <span class='ocrx_word' id='word_1_213' title='bbox 407 3345 446 3384; x_wconf 86' lang='lat' dir='ltr'><strong>ex</strong></span> <span class='ocrx_word' id='word_1_214' title='bbox 461 3347 588 3407; x_wconf 84' lang='lat' dir='ltr'><strong>graeco</strong></span> <span class='ocrx_word' id='word_1_215' title='bbox 614 3322 730 3388; x_wconf 88' lang='lat' dir='ltr'><strong>latinae</strong></span> <span class='ocrx_word' id='word_1_216' title='bbox 759 3299 855 3388; x_wconf 84' lang='lat' dir='ltr'><strong>tradit</strong></span> <span class='ocrx_word' id='word_1_217' title='bbox 887 3322 1124 3404; x_wconf 90' lang='lat' dir='ltr'><strong>consuetudini,</strong></span> <span class='ocrx_word' id='word_1_218' title='bbox 1159 3324 1296 3407; x_wconf 90' lang='lat' dir='ltr'><strong>quaein</strong></span> 
     </span>
     <span class='ocr_line' id='line_1_29' title="bbox 152 3431 1296 3520; baseline 0.001 -22"><span class='ocrx_word' id='word_1_219' title='bbox 152 3434 254 3500; x_wconf 89' lang='lat' dir='ltr'><strong>latino</strong></span> <span class='ocrx_word' id='word_1_220' title='bbox 269 3431 422 3498; x_wconf 85' lang='lat' dir='ltr'><strong>idiomate</strong></span> <span class='ocrx_word' id='word_1_221' title='bbox 438 3433 514 3496; x_wconf 87' lang='lat' dir='ltr'><strong>satis</strong></span> <span class='ocrx_word' id='word_1_222' title='bbox 530 3435 605 3497; x_wconf 87' lang='lat' dir='ltr'><strong>trita</strong></span> <span class='ocrx_word' id='word_1_223' title='bbox 625 3436 754 3520; x_wconf 89' lang='lat' dir='ltr'><strong>propria</strong></span> <span class='ocrx_word' id='word_1_224' title='bbox 776 3435 895 3500; x_wconf 87' lang='lat' dir='ltr'><strong>habent</strong></span> <span class='ocrx_word' id='word_1_225' title='bbox 917 3436 1084 3517; x_wconf 87' lang='lat' dir='ltr'><strong>voeabula,</strong></span> <span class='ocrx_word' id='word_1_226' title='bbox 1107 3433 1196 3519; x_wconf 92' lang='lat' dir='ltr'><strong>quod</strong></span> <span class='ocrx_word' id='word_1_227' title='bbox 1211 3445 1296 3500; x_wconf 90' lang='lat' dir='ltr'><strong>certe</strong></span> 
     </span>
     <span class='ocr_line' id='line_1_30' title="bbox 153 3544 1294 3634; baseline 0.002 -24"><span class='ocrx_word' id='word_1_228' title='bbox 153 3570 220 3614; x_wconf 89' lang='lat' dir='ltr'><strong>non</strong></span> <span class='ocrx_word' id='word_1_229' title='bbox 241 3545 371 3610; x_wconf 82' lang='lat' dir='ltr'><strong>fecisset</strong></span> <span class='ocrx_word' id='word_1_230' title='bbox 393 3544 441 3608; x_wconf 91' lang='lat' dir='ltr'><strong>vir</strong></span> <span class='ocrx_word' id='word_1_231' title='bbox 464 3544 582 3630; x_wconf 89' lang='lat' dir='ltr'><strong>optime</strong></span> <span class='ocrx_word' id='word_1_232' title='bbox 602 3545 701 3611; x_wconf 91' lang='lat' dir='ltr'><strong>latina</strong></span> <span class='ocrx_word' id='word_1_233' title='bbox 723 3546 834 3634; x_wconf 88' lang='lat' dir='ltr'><strong>lingua</strong></span> <span class='ocrx_word' id='word_1_234' title='bbox 855 3555 962 3628; x_wconf 90' lang='lat' dir='ltr'><strong>utens,</strong></span> <span class='ocrx_word' id='word_1_235' title='bbox 985 3547 1048 3612; x_wconf 90' lang='lat' dir='ltr'><strong>nisi</strong></span> <span class='ocrx_word' id='word_1_236' title='bbox 1070 3570 1107 3610; x_wconf 90' lang='lat' dir='ltr'><strong>ea</strong></span> <span class='ocrx_word' id='word_1_237' title='bbox 1129 3569 1169 3610; x_wconf 84' lang='lat' dir='ltr'><strong>ex</strong></span> <span class='ocrx_word' id='word_1_238' title='bbox 1192 3545 1294 3612; x_wconf 89' lang='lat' dir='ltr'><strong>Grae-</strong></span> 
     </span>
     <span class='ocr_line' id='line_1_31' title="bbox 154 3655 1296 3744; baseline -0.001 -20"><span class='ocrx_word' id='word_1_239' title='bbox 154 3679 266 3724; x_wconf 89' lang='lat' dir='ltr'><strong>corum</strong></span> <span class='ocrx_word' id='word_1_240' title='bbox 287 3656 409 3722; x_wconf 86' lang='lat' dir='ltr'><strong>lectura</strong></span> <span class='ocrx_word' id='word_1_241' title='bbox 431 3655 676 3742; x_wconf 88' lang='lat' dir='ltr'><strong>desumpsisset,</strong></span> <span class='ocrx_word' id='word_1_242' title='bbox 699 3697 740 3708; x_wconf 93' lang='lat'>-</span> <span class='ocrx_word' id='word_1_243' title='bbox 772 3658 855 3724; x_wconf 90' lang='lat' dir='ltr'><strong>adde</strong></span> <span class='ocrx_word' id='word_1_244' title='bbox 878 3657 1016 3724; x_wconf 82' lang='lat' dir='ltr'><strong>audaces</strong></span> <span class='ocrx_word' id='word_1_245' title='bbox 1043 3658 1179 3744; x_wconf 88' lang='lat' dir='ltr'><strong>figuras,</strong></span> <span class='ocrx_word' id='word_1_246' title='bbox 1214 3681 1296 3743; x_wconf 88' lang='lat' dir='ltr'><strong>quae</strong></span> 
     </span>
     <span class='ocr_line' id='line_1_32' title="bbox 154 3767 1294 3856; baseline -0.003 -20"><span class='ocrx_word' id='word_1_247' title='bbox 154 3767 244 3856; x_wconf 89' lang='lat' dir='ltr'><strong>apud</strong></span> <span class='ocrx_word' id='word_1_248' title='bbox 268 3767 410 3835; x_wconf 87' lang='lat' dir='ltr'><strong>Graecos</strong></span> <span class='ocrx_word' id='word_1_249' title='bbox 432 3777 556 3834; x_wconf 89' lang='lat' dir='ltr'><strong>tanturn</strong></span> <span class='ocrx_word' id='word_1_250' title='bbox 579 3769 751 3853; x_wconf 78' lang='lat' dir='ltr'><strong>scriptores</strong></span> <span class='ocrx_word' id='word_1_251' title='bbox 778 3769 993 3854; x_wconf 87' lang='lat' dir='ltr'><strong>inveniuntur,</strong></span> <span class='ocrx_word' id='word_1_252' title='bbox 1022 3789 1102 3853; x_wconf 89' lang='lat' dir='ltr'><strong>quas</strong></span> <span class='ocrx_word' id='word_1_253' title='bbox 1125 3768 1212 3854; x_wconf 91' lang='lat' dir='ltr'><strong>apud</strong></span> <span class='ocrx_word' id='word_1_254' title='bbox 1234 3769 1294 3834; x_wconf 89' lang='lat' dir='ltr'><strong>Ze·</strong></span> 
     </span>
     <span class='ocr_line' id='line_1_33' title="bbox 153 3878 1295 3967; baseline -0.004 -19"><span class='ocrx_word' id='word_1_255' title='bbox 153 3904 273 3948; x_wconf 89' lang='lat' dir='ltr'><strong>nonem</strong></span> <span class='ocrx_word' id='word_1_256' title='bbox 304 3882 430 3967; x_wconf 76' lang='lat' dir='ltr'><strong>saepius</strong></span> <span class='ocrx_word' id='word_1_257' title='bbox 462 3879 570 3947; x_wconf 84' lang='lat' dir='ltr'><strong>videre</strong></span> <span class='ocrx_word' id='word_1_258' title='bbox 601 3887 703 3964; x_wconf 88' lang='lat' dir='ltr'><strong>potes.</strong></span> <span class='ocrx_word' id='word_1_259' title='bbox 731 3919 772 3928; x_wconf 86' lang='lat'>-</span> <span class='ocrx_word' id='word_1_260' title='bbox 817 3881 958 3946; x_wconf 90' lang='lat' dir='ltr'><strong>Omnino</strong></span> <span class='ocrx_word' id='word_1_261' title='bbox 986 3881 1091 3966; x_wconf 89' lang='lat' dir='ltr'><strong>placet</strong></span> <span class='ocrx_word' id='word_1_262' title='bbox 1118 3878 1180 3945; x_wconf 89' lang='lat' dir='ltr'><strong>sibi</strong></span> <span class='ocrx_word' id='word_1_263' title='bbox 1208 3878 1295 3945; x_wconf 90' lang='lat' dir='ltr'><strong>Zeno</strong></span> 
     </span>
    </p>
   </div>
   <div class='ocr_carea' id='block_1_3' title="bbox 152 4105 1294 4409">
    <p class='ocr_par' dir='ltr' id='par_1_3' title="bbox 152 4105 1294 4409">
     <span class='ocr_line' id='line_1_34' title="bbox 228 4105 1294 4218; baseline 0.001 -16"><span class='ocrx_word' id='word_1_264' title='bbox 228 4145 262 4216; x_wconf 73' lang='lat'><strong>²¹)</strong></span> <span class='ocrx_word' id='word_1_265' title='bbox 282 4141 429 4202; x_wconf 79' lang='lat' dir='ltr'><strong>Claudias</strong></span> <span class='ocrx_word' id='word_1_266' title='bbox 448 4141 617 4202; x_wconf 74' lang='lat' dir='ltr'><strong>Salmasius</strong></span> <span class='ocrx_word' id='word_1_267' title='bbox 639 4145 667 4200; x_wconf 90' lang='lat' dir='ltr'><strong>in</strong></span> <span class='ocrx_word' id='word_1_268' title='bbox 691 4145 787 4200; x_wconf 86' lang='lat' dir='ltr'><strong>eodem</strong></span> <span class='ocrx_word' id='word_1_269' title='bbox 806 4105 1294 4218; x_wconf 74' lang='grc'>000101000110001011000001-</span> 
     </span>
     <span class='ocr_line' id='line_1_35' title="bbox 152 4239 1294 4312; baseline -0.004 -10"><span class='ocrx_word' id='word_1_270' title='bbox 152 4245 269 4302; x_wconf 85' lang='lat' dir='ltr'><strong>tolinum</strong></span> <span class='ocrx_word' id='word_1_271' title='bbox 287 4255 350 4310; x_wconf 78' lang='lat' dir='ltr'><strong>pag.</strong></span> <span class='ocrx_word' id='word_1_272' title='bbox 361 4239 402 4308; x_wconf 77' lang='lat'><strong>74,</strong></span> <span class='ocrx_word' id='word_1_273' title='bbox 420 4239 448 4292; x_wconf 86' lang='lat' dir='ltr'><strong>in</strong></span> <span class='ocrx_word' id='word_1_274' title='bbox 466 4240 574 4295; x_wconf 84' lang='lat' dir='ltr'><strong>Aelium</strong></span> <span class='ocrx_word' id='word_1_275' title='bbox 591 4240 775 4310; x_wconf 81' lang='lat' dir='ltr'><strong>Lampridium</strong></span> <span class='ocrx_word' id='word_1_276' title='bbox 793 4259 856 4312; x_wconf 83' lang='lat' dir='ltr'><strong>pag.</strong></span> <span class='ocrx_word' id='word_1_277' title='bbox 869 4243 920 4298; x_wconf 88' lang='grc'>183</span> <span class='ocrx_word' id='word_1_278' title='bbox 938 4249 966 4299; x_wconf 91' lang='lat' dir='ltr'><strong>et</strong></span> <span class='ocrx_word' id='word_1_279' title='bbox 984 4244 1033 4299; x_wconf 85' lang='grc'>197</span> <span class='ocrx_word' id='word_1_280' title='bbox 1051 4257 1176 4311; x_wconf 84' lang='lat' dir='ltr'><strong>magnam</strong></span> <span class='ocrx_word' id='word_1_281' title='bbox 1195 4241 1294 4298; x_wconf 87' lang='lat' dir='ltr'><strong>habere</strong></span> 
     </span>
     <span class='ocr_line' id='line_1_36' title="bbox 153 4333 1066 4409; baseline -0.005 -13"><span class='ocrx_word' id='word_1_282' title='bbox 153 4343 292 4400; x_wconf 85' lang='lat' dir='ltr'><strong>Zenonem</strong></span> <span class='ocrx_word' id='word_1_283' title='bbox 310 4333 513 4390; x_wconf 83' lang='lat' dir='ltr'><strong>similitudinem</strong></span> <span class='ocrx_word' id='word_1_284' title='bbox 531 4337 559 4390; x_wconf 90' lang='lat' dir='ltr'><strong>in</strong></span> <span class='ocrx_word' id='word_1_285' title='bbox 577 4337 650 4407; x_wconf 85' lang='lat' dir='ltr'><strong>stylo</strong></span> <span class='ocrx_word' id='word_1_286' title='bbox 668 4353 729 4392; x_wconf 86' lang='lat' dir='ltr'><strong>cum</strong></span> <span class='ocrx_word' id='word_1_287' title='bbox 747 4337 898 4409; x_wconf 83' lang='lat' dir='ltr'><strong>Appulejo,</strong></span> <span class='ocrx_word' id='word_1_288' title='bbox 916 4333 1066 4408; x_wconf 71' lang='lat' dir='ltr'><strong>profitebar.</strong></span> 
     </span>
    </p>
   </div>
   <div class='ocr_carea' id='block_1_4' title="bbox 192 4429 1087 4508">
    <p class='ocr_par' dir='ltr' id='par_1_4' title="bbox 192 4429 1087 4508">
     <span class='ocr_line' id='line_1_37' title="bbox 192 4429 1087 4508; baseline -0.011 -7"><span class='ocrx_word' id='word_1_289' title='bbox 192 4445 344 4508; x_wconf 63' lang='lat' dir='ltr'><strong>saisientur,</strong></span> <span class='ocrx_word' id='word_1_290' title='bbox 358 4458 426 4498; x_wconf 76' lang='lat' dir='ltr'><strong>Zeno.</strong></span> <span class='ocrx_word' id='word_1_291' title='bbox 1071 4429 1087 4491; x_wconf 79' lang='lat' dir='ltr'><strong>b</strong></span> 
     </span>
    </p>
   </div>
   <div class='ocr_carea' id='block_1_5' title="bbox 0 0 1510 4936">
    <p class='ocr_par' dir='ltr' id='par_1_5' title="bbox 0 0 1510 4936">
     <span class='ocr_line' id='line_1_38' title="bbox 0 0 1510 4936; baseline 0 0"><span class='ocrx_word' id='word_1_292' title='bbox 0 0 1510 4936; x_wconf 95' lang='lat' dir='ltr'><strong> </strong></span> 
     </span>
    </p>
   </div>
  </div>
 </body>
</html>
