3012 4936
745 204 764 266 8

184 360 283 426 fuisse
310 381 383 426 eum
412 381 451 442 „a
478 360 645 426 cunabulis
671 357 875 425 benedictum
904 369 936 425 et
961 382 981 424 a
1006 369 1116 426 ventre
1143 358 1324 424 sanctifica-

183 475 288 554 tum,“
321 469 556 555 demonstrant,
587 471 749 538 Zenonem
772 475 839 559 jam
866 495 885 536 a
911 472 1022 558 primis
1046 472 1137 538 annis
1159 471 1232 536 Deo
1255 493 1326 535 sese

185 579 311 648 dicasse
338 592 370 648 et
398 581 438 650 de
470 583 648 650 sanctitatis
675 585 728 650 via
754 606 916 669 nunquam
940 581 1119 650 deflexisse.
1163 583 1215 650 Ex
1238 605 1325 647 com·

184 703 360 761 memorato
394 694 552 784 Anonymi
581 697 755 784 Pipiniaai
793 695 932 761 carmine
963 695 1124 783 provenit,
1164 692 1325 760 Zenonem

184 807 298 872 itinera
319 805 434 874 iecisse
456 816 529 872 ante
552 829 644 873 suum
667 807 900 895 Episcopatum
923 808 1109 895 praesertim
1132 807 1166 871 in
1182 805 1325 890 Oriente,

184 919 241 984 ubi
260 922 328 1006 jam
351 917 552 1002 eloquentiae
575 917 668 984 donis
696 919 877 1001 claruisset,
904 917 1043 1005 indeque
1065 919 1098 983 in
1120 919 1246 984 Italiam
1270 944 1325 988 ve·

186 1031 274 1096 nisse
289 1038 322 1096 et
336 1028 484 1096 Veronae
507 1031 693 1116 episcopum
716 1031 852 1096 electum
875 1030 985 1096 fuisse.
1027 1033 1135 1116 Ann0,
1159 1055 1223 1116 quo
1238 1031 1326 1097 Zeno

184 1141 417 1228 Episcopatum
448 1142 537 1226 iniit,
571 1143 604 1208 in
630 1143 713 1209 vivis
735 1141 841 1208 adhuc
863 1151 931 1208 erat
953 1141 1074 1209 invidia
1095 1152 1206 1208 contra
1228 1141 1324 1211 Chri-

185 1253 325 1318 stianum
346 1275 464 1319 nomen
485 1253 624 1340 flagrans
640 1256 801 1340 Apostata
822 1254 877 1320 ille
897 1254 1060 1338 Julianus,
1083 1240 1324 1341 superstitiosus

184 1362 318 1432 deorum
340 1366 454 1450 cultor,
477 1367 533 1452 qui
555 1377 620 1432 tam
643 1365 768 1434 idoneis
791 1366 888 1432 armis
911 1368 1068 1451 utebatur,
1091 1391 1205 1454 nempe
1227 1369 1324 1434 armis
1411 1385 1414 1390 '
1495 1407 1496 1418 κ

185 1480 447 1568 contemptionis,
491 1478 533 1546 ad
569 1479 757 1567 religionem
795 1475 1012 1546 Christianam
1053 1479 1324 1568 supprimendam,

184 1613 266 1678 quae
299 1592 491 1658 terribiliora
523 1594 665 1674 fuerunt,
696 1601 733 1656 ut
755 1591 940 1678 ingeniosus
968 1591 1105 1676 scriptor
1122 1592 1166 1675 ⁹⁴)
1193 1589 1325 1674 quidem

184 1703 346 1786 observat,
370 1726 467 1788 qnam
489 1713 617 1789 apertae
639 1701 877 1790 persecutiones
900 1708 932 1764 et
953 1722 1061 1778 neces3
1088 1698 1146 1764 sed
1163 1703 1232 1786 jam
1255 1698 1323 1766 dies

184 1818 252 1901 ejus
279 1815 364 1880 vitae
390 1823 590 1900 praemature
621 1813 663 1878 ad
696 1835 846 1878 occasum
878 1832 948 1876 sese
980 1810 1169 1897 vergebant,
1202 1819 1234 1876 et
1256 1815 1324 1899 jam

184 1950 212 1996 a.
235 1927 299 1992 363
322 1923 483 2020 exhalarit
504 1925 667 2012 spiritum,
696 1947 794 2010 quare
823 1923 958 1988 liberata
980 1932 1048 1987 erat
1069 1922 1205 1988 ecclesia
1227 1946 1247 1986 a
1267 1947 1323 2010 pe-

183 2037 299 2122 riculo,
333 2036 421 2123 qnod
443 2059 483 2103 ex
504 2035 600 2123 hujus
619 2036 771 2124 juvenilis
793 2036 993 2121 imperatoris
1025 2035 1192 2102 conatibus
1219 2035 1324 2100 immi-

183 2150 288 2216 nebat
332 2147 557 2235 Imperatores,
582 2148 639 2235 qui
659 2147 791 2214 Juliano
814 2157 966 2230 mortuo,¹
982 2147 1107 2213 clavum
1130 2148 1255 2234 imperii
1277 2158 1323 2212 te-

183 2260 316 2344 nebant,
353 2261 510 2328 Jova'oataa
537 2261 667 2347 (363-
680 2262 775 2346 364),
819 2262 1059 2327 Valentia-ianas
1091 2259 1324 2345 (364—378),

189 2373 302 2438 Valens
324 2373 419 2459 (364)
443 2369 621 2442 Christiani
642 2373 777 2438 fuerunt.

284 2482 350 2553 Sed
372 2484 515 2552 nondum
538 2483 700 2573 gaudebat
721 2484 857 2551 ecclesia
878 2484 935 2550 illa
965 2507 1044 2572 pace
1070 2484 1209 2568 interna,
1243 2507 1325 2569 quae

184 2597 213 2662 ei
234 2606 401 2684 tantopere
423 2599 604 2664 necessaria
626 2599 687 2663 fuit
708 2596 751 2663 ad
772 2597 904 2664 vulnera
926 2597 1076 2682 sananda,
1101 2620 1183 2682 quae
1203 2596 1232 2662 ei
1247 2619 1324 2682 gen-

182 2709 287 2774 tilium
319 2710 492 2775 intulerant
522 2713 780 2796 persecutiones3
811 2711 890 2777 haec
918 2712 1001 2777 enim
1030 2721 1080 2776 est
1100 2707 1326 2774 Providentiae

184 2817 310 2883 divinae
340 2819 576 2906 inexplicabilis
607 2822 770 2904 voluntas,
814 2831 851 2886 ut
881 2822 1018 2886 ecclesia
1040 2817 1164 2886 Christi
1199 2840 1325 2901 semper

182 2937 305 3016 pugnet
327 2938 358 2993 et
385 2951 510 3014 semper
538 2953 608 2995 sese
635 2931 776 2997 malitiae
802 2930 958 2994 humanae
986 2936 1141 3014 opponat,
1170 2950 1267 3013 quare
1290 2914 1324 2992 ’ei
1371 2913 1376 2927 ’

183 3039 350 3106 militantis
373 3063 489 3110 nomen
510 3051 576 3106 tam
600 3046 686 3129 juste
714 3039 871 3106 convenit
917 3039 1027 3121 Quum
1058 3037 1143 3104 enim
1174 3039 1325 3105 ethnicis-

120 3194 123 3202 ,
183 3174 254 3217 mus
278 3150 443 3219 debilitata
464 3175 560 3218 manu
582 3177 647 3218 non
669 3152 774 3240 potuit
797 3149 918 3235 eripere
939 3149 1092 3216 ecclesiae
1107 3161 1325 3239 expugnatum

182 3271 362 3350 sceptrum,
386 3265 419 3330 in
441 3265 573 3332 internis
598 3264 750 3332 ecclesiae
773 3262 951 3328 visceribus
975 3261 1102 3350 viperae
1127 3264 1325 3351 periculosae
1430 3257 1432 3262 ’

182 3384 294 3442 enatae
316 3384 400 3460 sunt,
428 3399 510 3462 quae
534 3399 592 3442 suo
615 3376 704 3441 hiatu
726 3373 878 3462 pestifero
900 3384 950 3440 tot
971 3374 1116 3442 homines
1138 3378 1324 3445 infecerunt.

181 3487 254 3558 Arii
276 3486 417 3556 haeresis
439 3486 501 3553 hoo
522 3496 666 3573 tempore
689 3486 895 3575 praesertim,
920 3510 984 3573 quo
1007 3488 1095 3554 Zeno
1117 3486 1159 3554 ad
1181 3488 1323 3578 regimen

183 3599 337 3666 ecclesiae
359 3599 556 3666 Veronensis
578 3609 712 3665 vocatus
738 3599 813 3680 fuit,
845 3600 986 3665 maxima
1014 3600 1099 3687 cepit
1120 3585 1323 3682 incrementa,

181 3710 238 3775 illa
259 3711 385 3776 fimesta
406 3709 557 3794 haeresis,
581 3733 662 3795 quac
676 3721 728 3777 tot
743 3711 827 3776 filios
850 3709 891 3776 de
915 3720 1057 3777 materno
1080 3709 1234 3776 ecclesiae
1256 3734 1323 3775 am-

181 3821 279 3909 plexu
312 3822 466 3908 abripuit,
498 3822 589 3887 etin
615 3822 764 3888 omnibus
795 3821 955 3908 partibus,
987 3822 1043 3887 ubi
1069 3821 1205 3887 ecclesia
1230 3847 1324 3888 verae

180 3929 258 4000 fidei
278 3933 387 4000 lumen
415 3932 619 4018 accenderat,
652 3935 712 4001 sub
735 3933 849 4000 umbra
872 3931 1080 4008 orthodoxiae
1102 3933 1204 4000 latens
1226 3935 1323 4001 falsas

180 4097 385 4110 *n

252 4189 285 4258 ²⁴)
306 4185 567 4247 Ohateaubriaad:
590 4193 676 4248 Genio
694 4193 731 4247 du
750 4191 961 4262 Ohnstlanisme,
979 4191 1092 4248 beautes
1111 4191 1146 4247 de
1163 4191 1190 4247 la
1207 4191 1322 4262 religion

181 4283 337 4340 chritianus
355 4283 420 4342 edit.
437 4284 607 4342 Bruxellensi
625 4287 751 4342 llascarti
768 4285 844 4340 Tom.
857 4287 877 4342 I.
896 4300 958 4356 pag.
973 4286 996 4340 7.
