3012 4936
697 245 739 314 bl

153 413 261 478 nuisse
279 412 341 498 ⁸⁵),
375 407 464 494 quod
494 431 534 474 ex
566 399 609 474 ea'
635 409 873 474 circumstantia
896 407 1036 475 derivari
1061 392 1181 498 potest,
1215 406 1291 492 quia

154 524 348 591 Ambrosius
382 545 473 588 suam
506 519 673 608 epistolam
707 519 749 586 sd
775 520 936 607 Siagrium
967 519 1075 608 paullo
1106 520 1290 608 posthunc

155 659 272 701 annium
300 634 436 720 scripsit.
459 671 521 708 -,
544 633 619 702 Hoc
644 655 722 719 ergo
748 622 989 715 monumentum
1015 633 1176 698 laubiense
1202 632 1291 696 Ano-

155 749 245 835 nymi
267 745 427 832 Pipiniani
449 746 500 831 (ut
522 767 648 829 semper
673 743 726 810 hic
752 754 864 810 auctor
891 769 910 810 a
936 746 1118 811 Ballem'niis
1145 744 1291 830 vocatur)

156 883 229 925 cum
252 857 416 924 Ambrosii
438 866 656 942 comparatum
680 857 989 944 epistola,.nostram
1013 857 1198 924 corroborat
1220 879 1291 922 sen-

156 971 287 1036 tehtiam
310 980 342 1036 et
364 993 404 1035 ex
426 969 487 1035 boc
515 979 625 1042 urrrtuo
653 967 931 1040 consensuffacile
962 978 1095 1056 apparet
1120 968 1292 1034 auctoritas

155 1083 250 1170 hujus
272 1083 387 1178 veteris
410 1082 620 1165 monumenti,
644 1080 732 1166 quod
749 1090 875 1148 rectum
897 1081 1039 1150 continet
1060 1080 1204 1154 ordinem
1223 1078 1292 1166 pri·

155 1219 281 1260 morum
304 1194 528 1280 episcoporum
550 1191 794 1259 Veronensium.
892 1233 894 1240 ,

618 1433 759 1518 sacru
786 1431 839 1548 ur.

270 1571 362 1627 ZENO
389 1571 540 1627 TANTUM
566 1571 794 1642 CONFESSOR,
813 1573 886 1628 NON
912 1573 1069 1630 MARTYR
1091 1572 1191 1634 FUIT..

260 1717 366 1800 Quium
390 1720 423 1784 in
445 1717 709 1808 praecedentibus
731 1743 827 1785 unam
841 1717 1060 1786 difficultatem
1069 1718 1119 1786 ¹ad
1141 1717 1295 1805 epocham

156 1832 295 1896 Zenonis
318 1831 502 1910 attinentem
524 1831 641 1898 vicisse
663 1831 868 1911 arbitramur,
897 1831 941 1898 ad
972 1832 1103 1898 alterurn
1134 1841 1294 1920 transgre-

129 1931 132 1948 '
157 1942 310 2008 diendum
323 1944 426 2016 ,nobis
449 1953 506 2010 est.
552 1943 708 2026 Quaestio
731 1943 775 2011 de
794 1945 953 2032 Martyrio
969 1943 1107 2010 Zenonis
1130 1942 1296 2028 usquead

158 2055 347 2120 hodiernum
371 2053 455 2120 diem
478 2079 542 2120 non
565 2063 614 2120 est
635 2055 811 2142 persoluta:
834 2056 1021 2142 praesertim
1044 2080 1142 2140 quum
1158 2057 1191 2120 in
1206 2056 1295 2120 Mar-

157 2167 319 2254 tyrologio
341 2167 487 2232 Romano
514 2168 748 2254 semperZenc
776 2168 904 2255 Martyr
930 2176 1210 2246 commemoratur:
1237 2190 1295 2234 nos

49 2362 53 2370 Ι
157 2289 264 2346 tamen
286 2303 351 2344 non
371 2303 572 2362 recusamus,
595 2279 687 2365 quin,
711 2281 887 2368 contrariae
908 2280 1082 2346 sententiae
1104 2280 1296 2356 exsistamus

157 2401 346 2474 assertoreS,
360 2391 630 2477 'conabimurque‘
642 2390 870 2475 demonstrare,
891 2391 1054 2458 Zenonem
1068 2401 1192 2458 tantum
1208 2389 1296 2460 Con-

159 2502 515 2568 fessorem·vocandum
537 2527 618 2570 esse.
663 2503 740 2570 Jam
754 2502 928 2569 Panvinius
950 2505 1076 2590 fatetur,
1099 2504 1154 2587 qui
1176 2514 1211 2568 ut
1226 2506 1296 2588 'jam

71 2613 75 2623 '
159 2612 300 2678 vidimus
331 2614 492 2682 Zenonem
510 2614 618 2684 ,tertio
652 2615 780 2690 saeculo
811 2615 931 2680 vixisse
957 2597 1109 2700 ,putabam
1138 2614 1218 2680 'Liba
1237 2612 1296 2678 VI.

160 2749 233 2812 pag.
251 2727 328 2808 152,
356 2749 458 2810 usque
480 2724 522 2792 ud
544 2749 603 2792 sua
622 2726 1136 2819 tempora'antistitem·nostrum
1162 2747 1297 2810 semper,

160 2847 322 2922 tamquam
346 2833 572 2926 Confesscrem
596 2836 718 2904 cultum
741 2861 820 2905 esse.
865 2836 992 2906 Scribit
1005 2837 1103 2904 enimc
1136 2837 1297 2920 Quoniam

160 2951 212 3036 (ut
234 2950 362 3037 opinor)
386 2949 426 3016 de
449 2951 600 3038 Martyrii
626 2975 742 3038 genere
765 2975 833 3030 ‚non
859 2960 1038 3034 constaret,
1061 2950 1210 3016 Ecclesia
1231 2949 1297 3016 Ve-

158 3062 303 3128 ronensis
330 3054 525 3148 abantiquo
553 3061 655 3149 us'quc
685 3062 738 3130 ad·
758 3063 869 3130 nostia
899 3063 1027 3130 saeculo
1050 3062 1298 3130 anniversariam

160 3172 201 3240 de
228 3197 282 3256 ec,
308 3184 460 3259 tanquam
482 3173 522 3264 de
545 3175 703 3271 Pontifice
726 3173 937 3259 Confessore,
965 3174 1307 3246 commemorationem¹

159 3285 245 3350 facit.
289 3285 416 3350 Primus
438 3287 659 3374 Irippcmanus
681 3286 758 3354 Ver.
780 3287 841 3374 Ep.
864 3288 1070 3372 testimoniis,
1098 3309 1184 3372 quae
1202 3267 1299 3372 supra

160 3396 253 3462 retuli
261 3415 274 3479 ,·
301 3391 476 3479 adductus,
508 3407 617 3464 nostro
648 3404 882 3488 temporeejus
902 3400 1079 3466 solemnem
1098 3397 1297 3480 memoriam,

160 3519 324 3594 tamquam
346 3508 515 3574 Pontifieis
533 3491 691 3597 Martyris
717 3510 750 3578 in
776 3510 924 3580 Ecclesia
946 3511 1127 3579 Veronensi
1152 3509 1222 3576 fieri
1249 3508 1297 3574 in·

231 3773 265 3843 ⁸⁵)
282 3775 472 3832 Biancolinius
485 3775 512 3830 in
530 3773 638 3830 dissert
656 3777 676 3831 1.
694 3793 757 3848 pag.
771 3779 812 3833 19.
839 3779 983 3834 ‘Zenonem
1006 3781 1128 3834 nostmm
1146 3777 1205 3848 jam
1228 3775 1300 3830 circa

161 3883 204 3922 au.
215 3869 267 3922 360
285 3875 419 3926 mortuum
437 3886 506 3932 esse
515 3869 672 3926 arbitratur:
690 3877 809 3928 amanen
827 3871 894 3928 nihil
911 3873 978 3928 certi
996 3873 1032 3929 ad
1047 3871 1211 3929 sententiam
1223 3885 1299 3926 suam

162 3963 388 4036 comprobandam
410 3963 531 4034 prolerre
552 3969 655 4034 potest·
682 3965 778 4022 debuit
798 3966 829 4020 iul
851 3971 941 4022 antem
963 3968 1024 4052 ejus
1045 3967 1085 4022 rei
1103 3981 1185 4022 causa
1201 3963 1298 4035 facero,

161 4055 225 4126 quia
242 4057 270 4112 in
288 4058 381 4112 ordine
398 4074 449 4113 suc
467 4051 658 4129 cpiscoporum
680 4059 750 4114 inter
766 4059 901 4116 Zenonem
924 4065 952 4118 et
970 4060 1105 4132 Siagrium
1127 4059 1197 4116 duos
1218 4059 1298 4116 inter-

161 4151 239 4220 ponit
256 4151 413 4223 episcopos,
440 4152 468 4207 id
486 4158 528 4208 est
545 4153 694 4224 Agapitum
713 4159 741 4209 et
757 4151 914 4223 Lucidium3
937 4159 1026 4210 tamen
1049 4153 1137 4224 magis
1160 4152 1300 4226 probanda

161 4250 204 4300 est
225 4245 344 4300 omnium
366 4243 479 4300 aliorum
505 4246 694 4304 historicorum
721 4228 901 4317 computatio,
933 4249 978 4319 qui
1005 4247 1157 4319 proximum
1184 4247 1300 4305 Zenonis

161 4355 349 4406 successorem
363 4337 497 4411 Siagrium
514 4341 599 4399 luisse
616 4343 773 4416 accipiunt.
