3012 4936
742 251 758 312 o

180 396 305 476 cauum.
349 411 465 478 Petrus
488 408 528 475 de
550 403 724 476 Natalidus
744 407 802 495 ¹⁶),
824 407 1008 494 Episcopus
1030 407 1235 492 Esquilinus,
1258 409 1318 472 Pa-

93 544 96 549 ·
179 526 262 606 cotti,
285 524 427 611 Boqatta
449 523 490 609 ¹⁶)
513 531 546 586 et
567 521 622 586 alii
644 521 815 608 scriptores
838 519 1068 603 Veronensem,
1090 519 1156 602 alii,
1182 527 1217 584 ut
1238 521 1317 584 Blo-

179 639 246 700 siua
277 636 437 714 Rooattus,
475 635 674 718 Baclaerua,
715 633 932 698 Tittououtiaa
952 631 993 717 ¹⁷)
1021 640 1054 696 et
1074 633 1254 698 Poauiuiua
1278 631 1318 717 ιε)

66 775 68 780 ·
180 744 359 828 Graecum,
381 745 436 810 alii
459 743 597 830 denique
620 743 738 832 Syrum
761 744 923 809 Zenonem
945 743 1044 808 fuisse
1066 753 1222 810 assomnt.
1254 741 1320 810 Sed
1417 831 1420 837 Ι
1496 785 1497 818 ,

179 857 297 923 rectius
320 859 450 946 Gaapaa·
470 857 626 922 Bantius
647 855 688 942 ¹⁹)
712 865 743 920 et
758 857 934 923 Bulloiae'i
955 865 1070 942 putant
1090 855 1217 920 natione
1231 855 1319 919 Afri-

179 992 294 1034 canum
314 969 414 1034 fuisse
428 967 601 1034 Zenonem.
638 967 695 1034 Ad
715 969 799 1034 hanc
821 968 1007 1054 opinionum
1030 968 1215 1032 varietatem
1230 968 1319 1031 Ano-

178 1080 268 1166 nymi
299 1079 466 1167 cujusdam
486 1103 526 1145 ex
547 1079 656 1166 Pipini
678 1076 876 1166 temporibus
901 1079 1103 1166 „Rhythmus
1121 1080 1166 1166 ⁹⁰)
1190 1078 1230 1144 de
1252 1077 1319 1142 Ve-

177 1215 273 1256 ronae
294 1189 465 1258 laudibus“
488 1191 596 1258 locum
619 1190 723 1275 dedit,
745 1193 779 1256 in
801 1215 866 1276 quo
888 1192 1021 1278 legitur:

334 1327 411 1399 ,lion
429 1343 500 1399 queo
518 1330 603 1384 multa
620 1345 728 1384 narrare
746 1328 827 1401 hujus
845 1329 937 1385 Sancti
956 1345 1040 1399 opera

335 1423 428 1493 „Quae
445 1441 462 1479 a
480 1424 561 1494 Syria
578 1423 713 1480 veniendo
731 1439 818 1494 usque
836 1425 865 1478 in
882 1425 987 1480 Italiam
1279 1504 1282 1508 Ι

334 1518 402 1588 „Per
418 1519 508 1590 ipsum
526 1520 699 1589 omnipotens
716 1520 792 1574 Deus
810 1520 931 1575 ostendit
947 1519 1095 1574 mirabilia¹⁶
1114 1524 1184 1599 ete.

282 1637 349 1706 Sed
370 1638 449 1705 haec
470 1639 635 1726 Anonymi
657 1642 756 1705 verba
783 1640 966 1726 significant
992 1648 1131 1720 tantum,
1158 1639 1319 1703 Zenonem

178 1759 251 1815 ante
265 1749 498 1837 Episcopatum
522 1752 613 1835 (quia
635 1751 690 1814 vix
711 1751 789 1837 poni
810 1758 918 1836 potest
940 1773 1012 1814 eum
1036 1750 1222 1836 episcopum
1244 1773 1319 1816 con-

179 1862 326 1927 stitutum
349 1859 459 1927 sedem
482 1885 572 1926 saram
595 1861 764 1947 reliquisse
786 1870 818 1926 et
840 1860 949 1925 orbem
977 1862 1204 1948 permigrasse,
1233 1862 1320 1947 quod

179 1982 290 2040 oontra
317 1995 444 2038 omnem
471 1998 593 2042 morem
620 1984 652 2039 et
673 1972 816 2059 regulam
839 1975 937 2058 esset)
959 1973 1073 2038 itinera
1094 1973 1252 2058 quaedam
1273 1975 1319 2039 fe-

179 2086 273 2168 cIsse,
297 2084 425 2172 Syriam
447 2087 607 2170 visitasse,
629 2085 768 2170 indeque
783 2084 944 2149 Veronam
964 2085 1101 2169 venisse,
1125 2087 1320 2153 cumulatum

179 2197 301 2282 gratiae
323 2195 450 2263 divinae
473 2197 566 2264 donis
582 2207 614 2262 et
634 2197 717 2261 vitae
740 2190 908 2261 sanctitate
931 2186 1149 2280 excellentem,
1172 2206 1204 2262 et
1225 2198 1320 2284 hujus

178 2307 224 2374 rei
240 2330 337 2374 causa
352 2309 382 2373 ei
392 2308 596 2374 Veronenses
612 2309 754 2395 regimen
770 2307 923 2400 ecclesiae
946 2308 1035 2374 urbis
1058 2331 1144 2390 suae,
1169 2307 1319 2374 defuncto

179 2415 325 2502 Oriein,
357 2419 522 2486 obtulisse.
568 2420 651 2485 Tum
678 2419 773 2485 etiam
801 2444 841 2485 ex
867 2420 996 2485 nomine
1023 2420 1149 2487 Graeco
1175 2420 1319 2486 nonnulli

179 2528 369 2596 concludere
391 2531 574 2615 voluerunt,
602 2531 764 2615 Zenonem
786 2532 914 2598 natione
937 2532 1097 2599 Graecum
1120 2533 1234 2615 fuisse,
1262 2531 1319 2598 sed

178 2642 240 2709 hoc
263 2653 451 2730 argumento
474 2645 603 2710 minime
625 2643 825 2710 innitendum
854 2654 916 2729 est,
944 2646 1020 2730 quia
1042 2644 1176 2711 aliunde'
1191 2645 1319 2732 probari

178 2763 299 2840 potest,
332 2780 449 2822 nomen
475 2756 614 2822 Zenonis
642 2756 675 2820 in
688 2749 689 2753 ¹
702 2756 839 2823 ecclesia
864 2757 995 2841 Latina,
1030 2765 1224 2842 quamquam
1256 2780 1320 2821 non

177 2866 338 2951 frequens,
361 2876 500 2933 attamen
522 2869 675 2933 usitatum
697 2868 810 2948 fuisse;
833 2868 971 2954 legimus
994 2869 1079 2934 enim
1099 2891 1147 2932 ex.
1171 2891 1218 2953 gr.
1234 2864 1321 2952 apud

180 2977 390 3066 Godefridwn
420 2981 648 3046 Heaaelaeac'um
685 2989 719 3046 et
749 2983 915 3047 Danielem
952 2981 1202 3068 Popedroclrium
1219 2981 1264 3064 ⁹¹)
1303 3002 1320 3043 e

253 3209 284 3279 ¹⁵)
303 3209 451 3280 (tatalogus
469 3210 629 3266 Sanctomm
646 3210 706 3265 Lib.
719 3211 739 3265 I.
759 3225 817 3279 cap.
830 3210 872 3264 43.

253 3304 283 3373 ¹⁶)
301 3304 465 3374 Fragmenta
482 3305 632 3360 historialia
649 3304 810 3360 Sanctorum
826 3305 1024 3373 Episcopomm
1043 3308 1094 3359 etc.
1112 3303 1235 3360 venetiis
1245 3303 1320 3358 1576.

252 3399 283 3468 ¹⁷)
302 3399 446 3454 Memoires
468 3415 538 3468 pour
559 3399 646 3453 servir
667 3400 684 3452 a
706 3398 836 3453 l’histoire
855 3399 1059 3467 eeclesiastique
1078 3399 1112 3453 de
1130 3399 1173 3452 ain
1190 3397 1321 3467 premiere

179 3494 276 3549 siecles
289 3499 340 3548 cet.
359 3494 471 3549 Parisiis
489 3493 531 3548 ed.
545 3493 569 3546 2.
588 3509 612 3547 a.
626 3493 702 3548 1701.
720 3493 796 3548 Tom.
809 3489 856 3548 IV.
875 3493 949 3548 artie.
964 3497 986 3550 7.
1005 3497 1034 3548 et
1050 3498 1116 3548 nota
1127 3494 1173 3548 VI.
1186 3509 1249 3562 pag.
1261 3491 1320 3546 588.

254 3588 283 3657 ¹⁸)
303 3587 353 3658 Op.
372 3587 417 3642 cit.
436 3587 497 3642 Lib:
509 3586 556 3641 IV.
575 3602 634 3655 cap.
647 3588 671 3641 6.

254 3682 283 3750 ¹⁹)
302 3681 530 3736 Adversariorum
552 3680 681 3735 librorum
700 3680 763 3736 LX.
781 3680 951 3736 Francofurti
971 3682 1038 3738 1624
1059 3681 1132 3750 apud
1149 3681 1270 3736 Aubrios
1294 3686 1322 3735 et
1436 3675 1443 3688 ’

179 3775 362 3830 Sohleichium
379 3775 456 3830 Tom.
469 3775 490 3828 I.
509 3790 568 3843 cap.
582 3775 623 3828 10.
642 3775 701 3830 Lib.
714 3775 811 3830 XLIII.
830 3792 893 3845 pag.
908 3777 982 3831 1944.
1340 3791 1345 3799 ·

249 3868 283 3940 ²⁰)
300 3871 385 3940 Apud
403 3868 538 3924 Ioannem
555 3868 741 3924 Mabillonium
762 3870 952 3940 presbytemm
971 3875 999 3924 et
1015 3868 1176 3924 Monachum
1195 3867 1226 3924 0.
1245 3869 1272 3926 S.
1291 3871 1322 3924 B.

177 3980 193 4019 e
212 3963 432 4034 congregatione
451 3964 478 4019 S.
496 3964 595 4034 Mauri,
618 3964 646 4018 in
664 3949 760 4033 opere:
782 3965 912 4020 Veterum
930 3963 1124 4018 Analeotorum
1141 3964 1218 4019 Tom.
1231 3965 1252 4018 I.
1270 3965 1322 4017 Ln-

177 4058 261 4113 tetiao
278 4057 443 4112 Parisiorum
463 4059 530 4114 1675
548 4057 591 4113 ed.
609 4059 727 4112 Billainii
746 4075 809 4128 pag.
822 4058 882 4113 373.

247 4152 281 4222 ²¹)
300 4151 371 4206 Acta
389 4151 548 4207 Sanctomm
566 4153 670 4221 Aprilis
689 4153 814 4218 collecta,
838 4153 959 4222 digesta,
987 4151 1119 4206 illustrata
1147 4167 1164 4206 a
1188 4148 1223 4208 G.
1241 4149 1320 4206 Hea-

177 4245 302 4303 schemio
319 4251 347 4302 et
364 4244 492 4304 Donido
510 4245 710 4318 Popeerochio
728 4263 751 4300 e.
771 4247 798 4301 S.
816 4247 843 4301 J.
862 4246 1036 4314 Antwerpiae
1056 4247 1124 4301 1675
1142 4247 1184 4300 ed.
1204 4244 1321 4302 Onobari

177 4341 216 4410 (in
233 4340 298 4396 edit.
316 4336 464 4397 Venetae.
483 4343 552 4396 1738
570 4342 644 4409 apud
662 4340 840 4407 Albriaaium)
859 4339 936 4394 Tom.
949 4340 982 4394 II.
1072 4353 1075 4360 ·
