3012 4936
734 232 770 295 lt

182 393 402 477 Hieronymus
428 395 549 470 antem,
580 388 635 470 qui
660 411 687 452 a.
712 389 776 456 392
800 413 894 455 suum
918 389 1098 476 catalogum
1122 389 1320 475 Scriptorum

181 501 470 572 ecclesiasticorum
493 496 652 583 condidit,
677 500 757 566 alios
782 523 911 586 quoque
930 501 1143 586 praetermisit
1161 512 1320 584 auctores;

182 619 252 702 ipse
272 635 407 700 quoque.
419 611 581 696 designat,
606 634 704 694 quare
722 611 757 677 id
777 613 869 678 facile
888 614 958 678 fieri
978 614 1100 698 potuit:
1132 615 1189 697 „Si
1204 625 1320 697 autem,

182 729 300 812 inquit,
329 724 370 791 de
392 723 457 807 bis,
492 723 548 808 qui
567 746 668 808 usque
687 724 783 790 hodie
804 725 999 811 scriptitant,
1024 749 1112 792 ame
1131 727 1165 790 in
1183 727 1245 792 hoc
1263 749 1320 791 vo·

181 840 300 906 lumine
330 835 545 921 praetermissi
575 845 663 920 sunt,
694 837 756 902 sibi
780 838 893 923 magis,
925 859 1021 922 quam
1051 837 1129 902 mihi
1159 836 1322 904 debebunt

181 954 347 1036 imputare.
391 946 510 1032 Neque
524 948 606 1011 enirn
623 947 762 1013 celantes
778 949 898 1033 scripta
918 971 976 1014 sua
995 948 1036 1014 de
1055 949 1125 1032 his,
1151 951 1208 1033 qui
1227 949 1321 1035 longe

181 1072 269 1146 sunt,
293 1083 388 1126 nosse
407 1059 498 1144 potui
518 1069 549 1124 et
569 1059 657 1144 quod
676 1060 747 1154 aliis
761 1061 896 1126 forsitan
911 1060 954 1125 sit
967 1069 1094 1143 notum,
1118 1061 1196 1125 mihi
1212 1061 1245 1124 in
1260 1060 1321 1126 hoc

179 1187 336 1240 terrarum
358 1170 476 1257 angulo
504 1172 600 1236 fuerit
624 1171 789 1258 ignotum:
820 1169 932 1256 Certe,
962 1195 1063 1258 quum
1095 1173 1223 1259 scriptis
1254 1173 1321 1238 suis

180 1287 366 1365 claruerint,
396 1263 465 1346 non*
489 1305 681 1368 magnopere
710 1285 813 1348 nostri
840 1285 958 1350 silentii
985 1284 1154 1369 dispendia
1179 1287 1320 1370 suspira

180 1400 290 1463 bunt.“
337 1393 435 1476 Quod
469 1392 512 1457 sd
544 1403 688 1458 nostrum
724 1404 856 1479 spectat,
891 1417 942 1460 res
969 1397 1047 1461 satis
1077 1397 1110 1460 in
1140 1397 1320 1482 propinquo

178 1511 278 1596 jacet:
308 1505 414 1591 potuit
439 1505 523 1569 enim
543 1505 631 1570 Zeno
656 1529 694 1570 ex
719 1505 891 1589 modestia,
922 1517 977 1571 aut
996 1507 1057 1571 alia
1077 1531 1117 1572 ex
1137 1531 1233 1573 causa
1252 1509 1321 1592 ipse

181 1643 278 1704 opera
307 1641 365 1684 sua
394 1617 567 1695 occultare3
597 1627 828 1700 postmortem
853 1627 959 1682 autem
984 1622 1051 1705 ejus
1075 1619 1108 1682 in
1132 1619 1321 1686 abscondito

180 1729 410 1796 verisimillime
428 1738 657 1812 remanserunt,
678 1752 777 1814 quare
797 1730 892 1794 etiam
907 1729 1126 1818 Hieronymus
1143 1742 1175 1796 et
1190 1731 1319 1798 Genna-

182 1842 255 1909 dius
284 1841 364 1907 nihil
394 1840 435 1906 de
463 1842 504 1905 iis
535 1850 732 1925 compertum
763 1853 972 1926 aeceperunt3
1002 1865 1079 1928 ergo
1109 1843 1205 1908 etiam
1234 1843 1322 1908 nulla

181 1955 310 2020 omnino
331 1951 418 2037 apud
433 1975 487 2018 eos
508 1951 548 2018 de
562 1953 692 2022 Zenone
711 1954 830 2019 mentio
850 1954 918 2019 fieri
934 1956 1047 2039 potuit.
1093 1953 1192 2036 Quod
1212 1963 1320 2020 autem

181 2067 214 2130 in
244 2065 371 2130 occulto
400 2065 527 2130 fuerunt
556 2087 719 2130 sermones
753 2066 904 2131 antistitis
934 2067 1034 2132 nostri
1064 2089 1110 2131 ex·
1134 2089 1172 2131 ea
1201 2067 1321 2150 optime

181 2187 270 2262 patet
299 2177 552 2264 circumstantia,
587 2175 675 2260 qnod
708 2178 844 2262 primam
874 2177 914 2243 de
944 2179 983 2244 iis
1013 2179 1205 2244 mentionem
1235 2177 1321 2262 apud

180 2289 383 2372 Ratherium,
412 2289 612 2376 Episcopum
636 2289 855 2356 Veronensem
884 2281 1078 2374 invenimus,
1110 2290 1165 2373 qni
1195 2287 1320 2354 decimo

181 2400 308 2466 saeculo
328 2400 418 2465 vixit
462 2403 663 2488 Argumento
683 2423 761 2486 ergo
784 2401 831 2464 illi
851 2425 891 2465 ex
910 2402 1037 2468 silentio
1057 2401 1189 2465 minime
1211 2409 1319 2465 auoto-

182 2511 259 2574 ritas
283 2510 526 2594 qualiscumque
550 2513 584 2574 in
607 2510 668 2574 hso
697 2534 731 2575 re
760 2513 890 2576 attribui
920 2521 1041 2596 potest,
1072 2512 1148 2594 quia
1173 2512 1320 2575 omnibus

183 2629 293 2686 notum
319 2631 388 2702 est,
417 2619 518 2684 multa
542 2621 660 2684 nostris
683 2643 812 2704 quoque
838 2619 951 2686 diebus
978 2622 1098 2704 scripta
1122 2631 1264 2686 veterum
1288 2621 1320 2684 in

181 2732 287 2798 lucem
317 2731 469 2816 proferri,
500 2753 582 2816 quae
608 2739 663 2794 aut
688 2731 804 2817 injuria
832 2743 1012 2816 temporum
1041 2731 1200 2796 interiisse
1229 2731 1318 2796 vide·

182 2843 316 2926 bantur,
348 2852 404 2907 aut
426 2842 467 2907 de
491 2843 608 2926 quibus
633 2865 673 2906 ne
697 2843 762 2906 ulla
786 2842 915 2927 quidem
930 2843 1058 2908 ‘mentio
1085 2841 1171 2926 apud
1195 2853 1318 2908 veteres

180 2954 357 3037 invenitur,
389 2967 421 3018 et
446 2965 553 3020 tamen
579 2953 738 3040 ejusmodi
766 2977 881 3039 opera,
912 2955 1049 3040 genuina
1074 2956 1273 3041 accipiuntur
1290 2967 1322 3020 et

181 3066 220 3130 iis
237 3065 651 3151 scriptoribus-relernnlur,
674 3065 733 3131 sub
754 3087 890 3149 quorum
909 3067 1036 3132 nomine
1051 3078 1141 3132 erant
1155 3068 1292 3132 inventa.

284 3177 463 3242 Positivum
484 3189 706 3264 argumentum
724 3187 832 3243 tumen
847 3188 879 3243 et
894 3177 1023 3262 quidem
1039 3179 1196 3242 maximae
1211 3189 1320 3244 aucto-
1404 3242 1406 3247 .

182 3287 295 3369 ritatis,
317 3287 406 3370 quod
421 3289 595 3353 sententiae
613 3299 742 3360 nostrae
760 3291 856 3373 favet,
883 3291 1044 3354 &nonem
1058 3297 1249 3355 tractatuum
1265 3313 1319 3355 va-

181 3400 300 3464 riorum
340 3420 412 3464 esse
446 3401 621 3482 auctorem,
660 3401 814 3485 praebent
853 3399 980 3466 codices
1020 3403 1241 3487 manuscripti,
1281 3425 1320 3466 ex

182 3511 298 3596 quibus
326 3531 488 3574 sermones
519 3510 638 3593 publici
660 3511 743 3596 juris
769 3521 844 3576 sunt
868 3513 958 3596 faeti,
988 3514 1044 3596 qui
1067 3533 1179 3576 omnes
1208 3513 1319 3574 uuani-

182 3624 275 3686 miter
312 3621 414 3686 nostri
453 3622 604 3688 antistitis
638 3645 753 3686 nomen
786 3623 818 3686 in
852 3623 945 3693 titulo
979 3622 1106 3688 habent.
1154 3620 1320 3686 Ballerinii

181 3757 296 3798 novem
320 3733 448 3798 omnino
473 3742 658 3798 enumerant
682 3732 824 3818 codices,
852 3732 893 3799 ad
917 3756 998 3818 quos
1022 3730 1147 3798 accedit
1165 3730 1318 3816 decimus,

182 3869 202 3910 a
215 3844 387 3910 Francisco
401 3844 568 3910 Bonaehio
584 3856 859 3911 commemoratus.
902 3844 1158 3929 Antiquissimus
1177 3843 1318 3908 omnium

181 3966 232 4022 est
250 3955 353 4022 codex
368 3955 573 4037 Rhemensis,
594 3959 685 4044 cujus
703 3956 952 4041 descriptionem
971 3955 1137 4020 Ballerinii
1156 3977 1213 4040 per
1228 3955 1318 4020 Mar·

180 4067 328 4132 ebionem
352 4067 533 4152 Scipionem
557 4067 725 4153 Mali'ejum
755 4077 959 4151 acceperunt,
990 4067 1030 4132 de
1061 4088 1125 4150 quo
1155 4066 1188 4130 in
1220 4066 1317 4130 Prae-

180 4179 299 4244 latione
326 4177 400 4242 edit.
445 4178 635 4244 Sermonum
660 4179 801 4242 Zenonis
825 4202 898 4264 pag.
914 4180 935 4242 6
951 4169 1178 4262 sq.'prolixius
1203 4187 1318 4242 tracta-

180 4299 303 4354 verunt.
346 4288 386 4352 In
415 4287 508 4352 titulo
537 4288 632 4374 hujus
656 4288 793 4369 codicis,
823 4290 879 4373 qui
909 4288 950 4354 ad
979 4299 1128 4353 octavum
1158 4289 1319 4354 saeculum

1115 4397 1134 4458 2
1150 4391 1165 4424 t
