<?xml version="1.0" encoding="UTF-8"?>
<!DOCTYPE html PUBLIC "-//W3C//DTD XHTML 1.0 Transitional//EN"
    "http://www.w3.org/TR/xhtml1/DTD/xhtml1-transitional.dtd">
<html xmlns="http://www.w3.org/1999/xhtml" xml:lang="en" lang="en">
 <head>
  <title>
</title>
<meta http-equiv="Content-Type" content="text/html;charset=utf-8" />
  <meta name='ocr-system' content='tesseract 3.04.00' />
  <meta name='ocr-capabilities' content='ocr_page ocr_carea ocr_par ocr_line ocrx_word'/>
</head>
<body>
  <div class='ocr_page' id='page_1' title='image "./zenoveronensise00jazdgoog_0100.png"; bbox 0 0 3012 4936; ppageno 0'>
   <div class='ocr_carea' id='block_1_1' title="bbox 698 259 735 324">
    <p class='ocr_par' dir='ltr' id='par_1_1' title="bbox 698 259 735 324">
     <span class='ocr_line' id='line_1_1' title="bbox 698 259 735 324; baseline 0 0"><span class='ocrx_word' id='word_1_1' title='bbox 698 259 735 324; x_wconf 75' lang='lat' dir='ltr'>bit</span> 
     </span>
    </p>
   </div>
   <div class='ocr_carea' id='block_1_2' title="bbox 144 416 1287 2413">
    <p class='ocr_par' dir='ltr' id='par_1_2' title="bbox 145 416 1286 1404">
     <span class='ocr_line' id='line_1_2' title="bbox 145 416 1284 509; baseline -0.011 -10"><span class='ocrx_word' id='word_1_2' title='bbox 145 441 266 509; x_wconf 86' lang='lat' dir='ltr'>nostro,</span> <span class='ocrx_word' id='word_1_3' title='bbox 290 435 322 490; x_wconf 86' lang='lat' dir='ltr'>et</span> <span class='ocrx_word' id='word_1_4' title='bbox 336 425 369 488; x_wconf 92' lang='lat' dir='ltr'>in</span> <span class='ocrx_word' id='word_1_5' title='bbox 384 445 493 488; x_wconf 90' lang='lat' dir='ltr'>eorum</span> <span class='ocrx_word' id='word_1_6' title='bbox 509 419 787 486; x_wconf 83' lang='lat' dir='ltr'>dissertationibus</span> <span class='ocrx_word' id='word_1_7' title='bbox 807 416 1035 483; x_wconf 82' lang='lat' dir='ltr'><strong>adminiculum</strong></span> <span class='ocrx_word' id='word_1_8' title='bbox 1058 419 1135 484; x_wconf 88' lang='lat' dir='ltr'>satis</span> <span class='ocrx_word' id='word_1_9' title='bbox 1157 419 1284 486; x_wconf 88' lang='lat' dir='ltr'>firmum</span> 
     </span>
     <span class='ocr_line' id='line_1_3' title="bbox 146 530 1284 617; baseline -0.011 -8"><span class='ocrx_word' id='word_1_10' title='bbox 146 544 240 609; x_wconf 88' lang='lat' dir='ltr'>nobis</span> <span class='ocrx_word' id='word_1_11' title='bbox 274 561 345 604; x_wconf 88' lang='lat' dir='ltr'>sese</span> <span class='ocrx_word' id='word_1_12' title='bbox 376 533 505 617; x_wconf 89' lang='lat' dir='ltr'>obtulit,</span> <span class='ocrx_word' id='word_1_13' title='bbox 538 530 701 598; x_wconf 87' lang='lat' dir='ltr'>fatendum</span> <span class='ocrx_word' id='word_1_14' title='bbox 731 531 825 606; x_wconf 85' lang='lat' dir='ltr'>nobis</span> <span class='ocrx_word' id='word_1_15' title='bbox 852 541 958 596; x_wconf 80' lang='lat' dir='ltr'>urnen</span> <span class='ocrx_word' id='word_1_16' title='bbox 985 540 1047 614; x_wconf 89' lang='lat' dir='ltr'>est,</span> <span class='ocrx_word' id='word_1_17' title='bbox 1078 530 1284 616; x_wconf 77' lang='lat' dir='ltr'>in-pluribus</span> 
     </span>
     <span class='ocr_line' id='line_1_4' title="bbox 147 640 1285 730; baseline -0.011 -10"><span class='ocrx_word' id='word_1_18' title='bbox 147 656 242 720; x_wconf 88' lang='lat' dir='ltr'>etiam</span> <span class='ocrx_word' id='word_1_19' title='bbox 265 673 324 716; x_wconf 90' lang='lat' dir='ltr'>nos</span> <span class='ocrx_word' id='word_1_20' title='bbox 347 671 419 714; x_wconf 74' lang='lat' dir='ltr'>cram</span> <span class='ocrx_word' id='word_1_21' title='bbox 443 646 488 710; x_wconf 89' lang='lat' dir='ltr'>eis</span> <span class='ocrx_word' id='word_1_22' title='bbox 511 643 707 730; x_wconf 76' lang='lat' dir='ltr'>discrepare:</span> <span class='ocrx_word' id='word_1_23' title='bbox 730 641 926 710; x_wconf 84' lang='lat' dir='ltr'>differentias</span> <span class='ocrx_word' id='word_1_24' title='bbox 948 653 1055 708; x_wconf 88' lang='lat' dir='ltr'>tamen</span> <span class='ocrx_word' id='word_1_25' title='bbox 1070 640 1195 708; x_wconf 83' lang='lat' dir='ltr'>nostras</span> <span class='ocrx_word' id='word_1_26' title='bbox 1211 666 1285 728; x_wconf 88' lang='lat' dir='ltr'>pro·</span> 
     </span>
     <span class='ocr_line' id='line_1_5' title="bbox 147 754 1286 842; baseline -0.009 -12"><span class='ocrx_word' id='word_1_27' title='bbox 147 768 228 832; x_wconf 77' lang='lat' dir='ltr'>ferre</span> <span class='ocrx_word' id='word_1_28' title='bbox 251 773 283 828; x_wconf 87' lang='lat' dir='ltr'>et</span> <span class='ocrx_word' id='word_1_29' title='bbox 304 761 441 828; x_wconf 89' lang='lat' dir='ltr'>rationes</span> <span class='ocrx_word' id='word_1_30' title='bbox 464 765 590 824; x_wconf 78' lang='lat' dir='ltr'>nostras</span> <span class='ocrx_word' id='word_1_31' title='bbox 619 756 817 842; x_wconf 81' lang='lat' dir='ltr'>argumentis</span> <span class='ocrx_word' id='word_1_32' title='bbox 842 755 1029 820; x_wconf 87' lang='lat' dir='ltr'>confirmare</span> <span class='ocrx_word' id='word_1_33' title='bbox 1051 755 1169 820; x_wconf 88' lang='lat' dir='ltr'>limites</span> <span class='ocrx_word' id='word_1_34' title='bbox 1191 754 1286 842; x_wconf 86' lang='lat' dir='ltr'>hujus</span> 
     </span>
     <span class='ocr_line' id='line_1_6' title="bbox 149 867 1285 956; baseline -0.008 -13"><span class='ocrx_word' id='word_1_35' title='bbox 149 874 381 944; x_wconf 82' lang='lat' dir='ltr'>dissertationis</span> <span class='ocrx_word' id='word_1_36' title='bbox 404 871 497 937; x_wconf 91' lang='lat' dir='ltr'>nobis</span> <span class='ocrx_word' id='word_1_37' title='bbox 520 894 584 934; x_wconf 90' lang='lat' dir='ltr'>non</span> <span class='ocrx_word' id='word_1_38' title='bbox 607 869 807 956; x_wconf 83' lang='lat' dir='ltr'>permittunt:</span> <span class='ocrx_word' id='word_1_39' title='bbox 831 892 929 953; x_wconf 92' lang='lat' dir='ltr'>quum</span> <span class='ocrx_word' id='word_1_40' title='bbox 953 877 1059 934; x_wconf 88' lang='lat' dir='ltr'>tamen</span> <span class='ocrx_word' id='word_1_41' title='bbox 1081 867 1115 932; x_wconf 91' lang='lat' dir='ltr'>in</span> <span class='ocrx_word' id='word_1_42' title='bbox 1137 867 1177 934; x_wconf 89' lang='lat' dir='ltr'>iis</span> <span class='ocrx_word' id='word_1_43' title='bbox 1195 889 1285 954; x_wconf 79' lang='lat' dir='ltr'>prae·</span> 
     </span>
     <span class='ocr_line' id='line_1_7' title="bbox 149 979 1284 1073; baseline -0.01 -18"><span class='ocrx_word' id='word_1_44' title='bbox 149 991 241 1073; x_wconf 81' lang='lat' dir='ltr'>cipue</span> <span class='ocrx_word' id='word_1_45' title='bbox 260 988 372 1070; x_wconf 87' lang='lat' dir='ltr'>rebus,</span> <span class='ocrx_word' id='word_1_46' title='bbox 404 984 577 1068; x_wconf 92' lang='lat' dir='ltr'>inquibus</span> <span class='ocrx_word' id='word_1_47' title='bbox 601 981 988 1047; x_wconf 83' lang='lat' dir='ltr'>idemcumBalleriniis</span> <span class='ocrx_word' id='word_1_48' title='bbox 1016 981 1187 1063; x_wconf 88' lang='lat' dir='ltr'>sentimus,</span> <span class='ocrx_word' id='word_1_49' title='bbox 1218 979 1284 1045; x_wconf 92' lang='lat' dir='ltr'>Bo-</span> 
     </span>
     <span class='ocr_line' id='line_1_8' title="bbox 147 1095 1285 1180; baseline -0.009 -14"><span class='ocrx_word' id='word_1_50' title='bbox 147 1101 278 1166; x_wconf 88' lang='lat' dir='ltr'>nachius</span> <span class='ocrx_word' id='word_1_51' title='bbox 301 1123 357 1164; x_wconf 89' lang='lat' dir='ltr'>eos</span> <span class='ocrx_word' id='word_1_52' title='bbox 379 1097 510 1162; x_wconf 79' lang='lat' dir='ltr'>adortus</span> <span class='ocrx_word' id='word_1_53' title='bbox 533 1105 635 1162; x_wconf 88' lang='lat' dir='ltr'>estet</span> <span class='ocrx_word' id='word_1_54' title='bbox 656 1095 872 1160; x_wconf 86' lang='lat' dir='ltr'>infirmitatem</span> <span class='ocrx_word' id='word_1_55' title='bbox 894 1103 1153 1180; x_wconf 84' lang='lat' dir='ltr'>argumentorum</span> <span class='ocrx_word' id='word_1_56' title='bbox 1175 1115 1285 1158; x_wconf 89' lang='lat' dir='ltr'>eorum</span> 
     </span>
     <span class='ocr_line' id='line_1_9' title="bbox 145 1203 1284 1299; baseline -0.009 -19"><span class='ocrx_word' id='word_1_57' title='bbox 145 1213 294 1299; x_wconf 86' lang='lat' dir='ltr'>detegere</span> <span class='ocrx_word' id='word_1_58' title='bbox 317 1218 451 1274; x_wconf 90' lang='lat' dir='ltr'>conatus</span> <span class='ocrx_word' id='word_1_59' title='bbox 475 1216 538 1288; x_wconf 87' lang='lat' dir='ltr'>eat,</span> <span class='ocrx_word' id='word_1_60' title='bbox 560 1221 619 1270; x_wconf 83' lang='lat' dir='ltr'>nos</span> <span class='ocrx_word' id='word_1_61' title='bbox 642 1207 730 1292; x_wconf 90' lang='lat' dir='ltr'>ipsos</span> <span class='ocrx_word' id='word_1_62' title='bbox 753 1204 929 1289; x_wconf 86' lang='lat' dir='ltr'>defensuri,</span> <span class='ocrx_word' id='word_1_63' title='bbox 956 1204 1196 1271; x_wconf 79' lang='lat' dir='ltr'>dissertationes</span> <span class='ocrx_word' id='word_1_64' title='bbox 1218 1203 1284 1270; x_wconf 90' lang='lat' dir='ltr'>Bo·</span> 
     </span>
     <span class='ocr_line' id='line_1_10' title="bbox 145 1317 918 1404; baseline -0.012 -15"><span class='ocrx_word' id='word_1_65' title='bbox 145 1324 252 1388; x_wconf 91' lang='lat' dir='ltr'>nachii</span> <span class='ocrx_word' id='word_1_66' title='bbox 275 1328 396 1384; x_wconf 88' lang='lat' dir='ltr'>attento</span> <span class='ocrx_word' id='word_1_67' title='bbox 415 1317 537 1404; x_wconf 89' lang='lat' dir='ltr'>judicio</span> <span class='ocrx_word' id='word_1_68' title='bbox 561 1317 741 1382; x_wconf 84' lang='lat' dir='ltr'>examinare</span> <span class='ocrx_word' id='word_1_69' title='bbox 764 1317 918 1402; x_wconf 82' lang='lat' dir='ltr'>cogimur.</span> 
     </span>
    </p>

    <p class='ocr_par' dir='ltr' id='par_1_3' title="bbox 144 1426 1287 2413">
     <span class='ocr_line' id='line_1_11' title="bbox 248 1426 1287 1514; baseline -0.006 -16"><span class='ocrx_word' id='word_1_70' title='bbox 248 1431 326 1498; x_wconf 91' lang='lat' dir='ltr'>Uno</span> <span class='ocrx_word' id='word_1_71' title='bbox 349 1428 525 1513; x_wconf 86' lang='lat' dir='ltr'>eodemque</span> <span class='ocrx_word' id='word_1_72' title='bbox 546 1429 611 1494; x_wconf 86' lang='lat' dir='ltr'>sere</span> <span class='ocrx_word' id='word_1_73' title='bbox 633 1439 790 1514; x_wconf 82' lang='lat' dir='ltr'>tempore,</span> <span class='ocrx_word' id='word_1_74' title='bbox 817 1429 873 1494; x_wconf 90' lang='lat' dir='ltr'>ubi</span> <span class='ocrx_word' id='word_1_75' title='bbox 894 1428 1139 1494; x_wconf 85' lang='lat' dir='ltr'>Balleriniorurn</span> <span class='ocrx_word' id='word_1_76' title='bbox 1167 1426 1287 1512; x_wconf 86' lang='lat' dir='ltr'>prodiit</span> 
     </span>
     <span class='ocr_line' id='line_1_12' title="bbox 149 1538 1285 1624; baseline -0.005 -12"><span class='ocrx_word' id='word_1_77' title='bbox 149 1545 247 1612; x_wconf 90' lang='lat' dir='ltr'>editio</span> <span class='ocrx_word' id='word_1_78' title='bbox 262 1551 454 1610; x_wconf 78' lang='lat' dir='ltr'>tractatuum</span> <span class='ocrx_word' id='word_1_79' title='bbox 471 1541 619 1624; x_wconf 86' lang='lat' dir='ltr'>Zenonis,</span> <span class='ocrx_word' id='word_1_80' title='bbox 642 1543 834 1608; x_wconf 81' lang='lat' dir='ltr'>Franciscua</span> <span class='ocrx_word' id='word_1_81' title='bbox 847 1543 991 1608; x_wconf 72' lang='lat' dir='ltr'>Bonachi</span> <span class='ocrx_word' id='word_1_82' title='bbox 1006 1538 1164 1606; x_wconf 79' lang='lat' dir='ltr'>Sacerdos</span> <span class='ocrx_word' id='word_1_83' title='bbox 1176 1539 1285 1606; x_wconf 86' lang='lat' dir='ltr'>Pisto·</span> 
     </span>
     <span class='ocr_line' id='line_1_13' title="bbox 146 1651 1285 1739; baseline -0.003 -17"><span class='ocrx_word' id='word_1_84' title='bbox 146 1658 260 1722; x_wconf 90' lang='lat' dir='ltr'>riensis</span> <span class='ocrx_word' id='word_1_85' title='bbox 296 1654 398 1720; x_wconf 91' lang='lat' dir='ltr'>libros</span> <span class='ocrx_word' id='word_1_86' title='bbox 438 1651 519 1720; x_wconf 89' lang='lat' dir='ltr'>dnos</span> <span class='ocrx_word' id='word_1_87' title='bbox 557 1651 671 1718; x_wconf 89' lang='lat' dir='ltr'>edidit:</span> <span class='ocrx_word' id='word_1_88' title='bbox 718 1652 790 1735; x_wconf 84' lang='lat' dir='ltr'>„De</span> <span class='ocrx_word' id='word_1_89' title='bbox 820 1652 981 1739; x_wconf 81' lang='lat' dir='ltr'>Martyria</span> <span class='ocrx_word' id='word_1_90' title='bbox 1003 1663 1047 1716; x_wconf 84' lang='lat' dir='ltr'>et</span> <span class='ocrx_word' id='word_1_91' title='bbox 1077 1651 1285 1719; x_wconf 87' lang='lat' dir='ltr'>Sermonibus</span> 
     </span>
     <span class='ocr_line' id='line_1_14' title="bbox 146 1764 1285 1852; baseline -0.006 -14"><span class='ocrx_word' id='word_1_92' title='bbox 146 1770 180 1838; x_wconf 87' lang='lat' dir='ltr'>S.</span> <span class='ocrx_word' id='word_1_93' title='bbox 203 1769 342 1836; x_wconf 90' lang='lat' dir='ltr'>Zenonis</span> <span class='ocrx_word' id='word_1_94' title='bbox 365 1766 427 1852; x_wconf 84' lang='lat' dir='ltr'>Ep.</span> <span class='ocrx_word' id='word_1_95' title='bbox 451 1765 548 1852; x_wconf 78' lang='lat' dir='ltr'>Ver.“</span> <span class='ocrx_word' id='word_1_96' title='bbox 581 1765 712 1831; x_wconf 86' lang='lat' dir='ltr'>Pistorii</span> <span class='ocrx_word' id='word_1_97' title='bbox 737 1767 835 1847; x_wconf 66' lang='lat'>1740,</span> <span class='ocrx_word' id='word_1_98' title='bbox 862 1765 896 1829; x_wconf 91' lang='lat' dir='ltr'>in</span> <span class='ocrx_word' id='word_1_99' title='bbox 918 1764 1035 1849; x_wconf 91' lang='lat' dir='ltr'>quibus</span> <span class='ocrx_word' id='word_1_100' title='bbox 1057 1788 1123 1830; x_wconf 86' lang='lat' dir='ltr'>rem</span> <span class='ocrx_word' id='word_1_101' title='bbox 1147 1766 1285 1852; x_wconf 88' lang='lat' dir='ltr'>implici-</span> 
     </span>
     <span class='ocr_line' id='line_1_15' title="bbox 144 1878 1286 1966; baseline 0 -21"><span class='ocrx_word' id='word_1_102' title='bbox 144 1890 210 1946; x_wconf 90' lang='lat' dir='ltr'>tam</span> <span class='ocrx_word' id='word_1_103' title='bbox 233 1879 393 1966; x_wconf 84' lang='lat' dir='ltr'>explicare</span> <span class='ocrx_word' id='word_1_104' title='bbox 416 1890 449 1945; x_wconf 89' lang='lat' dir='ltr'>et</span> <span class='ocrx_word' id='word_1_105' title='bbox 470 1880 566 1945; x_wconf 88' lang='lat' dir='ltr'>variis</span> <span class='ocrx_word' id='word_1_106' title='bbox 589 1887 753 1944; x_wconf 86' lang='lat' dir='ltr'>auctorum</span> <span class='ocrx_word' id='word_1_107' title='bbox 777 1878 980 1961; x_wconf 87' lang='lat' dir='ltr'>opinionibus</span> <span class='ocrx_word' id='word_1_108' title='bbox 1012 1879 1147 1963; x_wconf 85' lang='lat' dir='ltr'>eversis,</span> <span class='ocrx_word' id='word_1_109' title='bbox 1178 1880 1286 1945; x_wconf 88' lang='lat' dir='ltr'>omnia</span> 
     </span>
     <span class='ocr_line' id='line_1_16' title="bbox 145 1987 1283 2075; baseline 0.002 -19"><span class='ocrx_word' id='word_1_110' title='bbox 145 1994 180 2056; x_wconf 92' lang='lat' dir='ltr'>in</span> <span class='ocrx_word' id='word_1_111' title='bbox 202 1992 367 2075; x_wconf 89' lang='lat' dir='ltr'>antiquum</span> <span class='ocrx_word' id='word_1_112' title='bbox 391 1987 509 2056; x_wconf 87' lang='lat' dir='ltr'>statum</span> <span class='ocrx_word' id='word_1_113' title='bbox 536 1992 701 2056; x_wconf 85' lang='lat' dir='ltr'>restituere</span> <span class='ocrx_word' id='word_1_114' title='bbox 729 1989 843 2057; x_wconf 85' lang='lat' dir='ltr'>voluit:</span> <span class='ocrx_word' id='word_1_115' title='bbox 875 2013 939 2074; x_wconf 88' lang='lat' dir='ltr'>quo</span> <span class='ocrx_word' id='word_1_116' title='bbox 961 1989 1111 2056; x_wconf 83' lang='lat' dir='ltr'>videlicet</span> <span class='ocrx_word' id='word_1_117' title='bbox 1132 2015 1200 2056; x_wconf 91' lang='lat' dir='ltr'>rem</span> <span class='ocrx_word' id='word_1_118' title='bbox 1221 1992 1283 2058; x_wconf 87' lang='lat' dir='ltr'>Pe·</span> 
     </span>
     <span class='ocr_line' id='line_1_17' title="bbox 146 2102 1284 2190; baseline 0.002 -22"><span class='ocrx_word' id='word_1_119' title='bbox 146 2104 220 2168; x_wconf 87' lang='lat' dir='ltr'>retti</span> <span class='ocrx_word' id='word_1_120' title='bbox 241 2113 273 2169; x_wconf 88' lang='lat' dir='ltr'>et</span> <span class='ocrx_word' id='word_1_121' title='bbox 293 2104 433 2190; x_wconf 86' lang='lat' dir='ltr'>Bagatta</span> <span class='ocrx_word' id='word_1_122' title='bbox 455 2102 696 2174; x_wconf 81' lang='lat' dir='ltr'>collocaverant.</span> <span class='ocrx_word' id='word_1_123' title='bbox 724 2143 765 2150; x_wconf 94' lang='lat'><em>-</em></span> <span class='ocrx_word' id='word_1_124' title='bbox 809 2102 993 2169; x_wconf 90' lang='lat' dir='ltr'>Bonachius</span> <span class='ocrx_word' id='word_1_125' title='bbox 1015 2103 1095 2168; x_wconf 91' lang='lat' dir='ltr'>nihil</span> <span class='ocrx_word' id='word_1_126' title='bbox 1116 2102 1222 2170; x_wconf 92' lang='lat' dir='ltr'>adhuc</span> <span class='ocrx_word' id='word_1_127' title='bbox 1244 2103 1284 2170; x_wconf 90' lang='lat' dir='ltr'>de</span> 
     </span>
     <span class='ocr_line' id='line_1_18' title="bbox 145 2214 1284 2302; baseline 0.002 -24"><span class='ocrx_word' id='word_1_128' title='bbox 145 2214 392 2282; x_wconf 89' lang='lat' dir='ltr'>Balleriniorum</span> <span class='ocrx_word' id='word_1_129' title='bbox 415 2214 693 2282; x_wconf 84' lang='lat' dir='ltr'>dissertationibus</span> <span class='ocrx_word' id='word_1_130' title='bbox 717 2224 915 2302; x_wconf 87' lang='lat' dir='ltr'>compertum</span> <span class='ocrx_word' id='word_1_131' title='bbox 938 2215 1064 2299; x_wconf 91' lang='lat' dir='ltr'>habuit,</span> <span class='ocrx_word' id='word_1_132' title='bbox 1097 2239 1170 2281; x_wconf 86' lang='lat' dir='ltr'>cum</span> <span class='ocrx_word' id='word_1_133' title='bbox 1193 2227 1284 2281; x_wconf 88' lang='lat' dir='ltr'>suam</span> 
     </span>
     <span class='ocr_line' id='line_1_19' title="bbox 145 2325 1283 2413; baseline 0.002 -21"><span class='ocrx_word' id='word_1_134' title='bbox 145 2325 400 2394; x_wconf 83' lang='lat' dir='ltr'>dissertationem</span> <span class='ocrx_word' id='word_1_135' title='bbox 422 2327 584 2394; x_wconf 89' lang='lat' dir='ltr'>nonnullis</span> <span class='ocrx_word' id='word_1_136' title='bbox 608 2329 793 2413; x_wconf 82' lang='lat' dir='ltr'>praesertim</span> <span class='ocrx_word' id='word_1_137' title='bbox 809 2327 1015 2395; x_wconf 89' lang='lat' dir='ltr'>Pistoriensis</span> <span class='ocrx_word' id='word_1_138' title='bbox 1031 2328 1197 2394; x_wconf 80' lang='lat' dir='ltr'>Ecclesiae</span> <span class='ocrx_word' id='word_1_139' title='bbox 1215 2351 1283 2394; x_wconf 90' lang='lat' dir='ltr'>mo·</span> 
     </span>
    </p>
   </div>
   <div class='ocr_carea' id='block_1_3' title="bbox 145 2440 1402 2526">
    <p class='ocr_par' dir='ltr' id='par_1_4' title="bbox 145 2440 1402 2526">
     <span class='ocr_line' id='line_1_20' title="bbox 145 2440 1402 2526; baseline 0.002 -25"><span class='ocrx_word' id='word_1_140' title='bbox 145 2440 304 2504; x_wconf 85' lang='lat' dir='ltr'>numentis</span> <span class='ocrx_word' id='word_1_141' title='bbox 331 2441 425 2506; x_wconf 86' lang='lat' dir='ltr'>nixus</span> <span class='ocrx_word' id='word_1_142' title='bbox 452 2441 581 2526; x_wconf 88' lang='lat' dir='ltr'>proprio</span> <span class='ocrx_word' id='word_1_143' title='bbox 603 2441 718 2505; x_wconf 87' lang='lat' dir='ltr'>Marte·</span> <span class='ocrx_word' id='word_1_144' title='bbox 736 2441 888 2525; x_wconf 87' lang='lat' dir='ltr'>suscepit.</span> <span class='ocrx_word' id='word_1_145' title='bbox 911 2481 952 2490; x_wconf 93' lang='lat'><em>-</em></span> <span class='ocrx_word' id='word_1_146' title='bbox 996 2440 1073 2506; x_wconf 84' lang='lat' dir='ltr'>Jam</span> <span class='ocrx_word' id='word_1_147' title='bbox 1099 2442 1133 2505; x_wconf 88' lang='lat' dir='ltr'>in</span> <span class='ocrx_word' id='word_1_148' title='bbox 1155 2441 1284 2505; x_wconf 87' lang='lat' dir='ltr'>Praefa-</span> <span class='ocrx_word' id='word_1_149' title='bbox 1399 2459 1402 2471; x_wconf 77' lang='grc'><em>’</em></span> 
     </span>
    </p>
   </div>
   <div class='ocr_carea' id='block_1_4' title="bbox 146 2548 1286 3962">
    <p class='ocr_par' dir='ltr' id='par_1_5' title="bbox 146 2548 1286 3962">
     <span class='ocr_line' id='line_1_21' title="bbox 146 2548 1286 2636; baseline 0.003 -25"><span class='ocrx_word' id='word_1_150' title='bbox 146 2548 240 2612; x_wconf 42' lang='lat' dir='ltr'>tione,</span> <span class='ocrx_word' id='word_1_151' title='bbox 253 2548 348 2634; x_wconf 90' lang='lat' dir='ltr'>primi</span> <span class='ocrx_word' id='word_1_152' title='bbox 369 2550 517 2635; x_wconf 88' lang='lat' dir='ltr'>opusculi</span> <span class='ocrx_word' id='word_1_153' title='bbox 539 2551 592 2614; x_wconf 89' lang='lat' dir='ltr'>sui</span> <span class='ocrx_word' id='word_1_154' title='bbox 611 2549 752 2614; x_wconf 88' lang='lat' dir='ltr'>ostendit</span> <span class='ocrx_word' id='word_1_155' title='bbox 766 2550 937 2618; x_wconf 84' lang='lat' dir='ltr'>novushic</span> <span class='ocrx_word' id='word_1_156' title='bbox 951 2551 1097 2636; x_wconf 87' lang='lat' dir='ltr'>martyrii</span> <span class='ocrx_word' id='word_1_157' title='bbox 1111 2551 1286 2622; x_wconf 83' lang='lat' dir='ltr'>Zenoniani</span> 
     </span>
     <span class='ocr_line' id='line_1_22' title="bbox 147 2657 1283 2746; baseline 0.002 -22"><span class='ocrx_word' id='word_1_158' title='bbox 147 2657 359 2743; x_wconf 66' lang='lat' dir='ltr'>defensando</span> <span class='ocrx_word' id='word_1_159' title='bbox 382 2683 463 2744; x_wconf 92' lang='lat' dir='ltr'>quos</span> <span class='ocrx_word' id='word_1_160' title='bbox 486 2683 574 2725; x_wconf 88' lang='lat' dir='ltr'>arma</span> <span class='ocrx_word' id='word_1_161' title='bbox 596 2682 654 2724; x_wconf 90' lang='lat' dir='ltr'>sua</span> <span class='ocrx_word' id='word_1_162' title='bbox 675 2683 825 2726; x_wconf 87' lang='lat' dir='ltr'>versurus</span> <span class='ocrx_word' id='word_1_163' title='bbox 848 2662 899 2744; x_wconf 85' lang='lat' dir='ltr'>sit,</span> <span class='ocrx_word' id='word_1_164' title='bbox 922 2685 1022 2746; x_wconf 89' lang='lat' dir='ltr'>quum</span> <span class='ocrx_word' id='word_1_165' title='bbox 1045 2661 1196 2726; x_wconf 85' lang='lat' dir='ltr'>lectorem</span> <span class='ocrx_word' id='word_1_166' title='bbox 1215 2684 1283 2726; x_wconf 86' lang='lat' dir='ltr'>mo-</span> 
     </span>
     <span class='ocr_line' id='line_1_23' title="bbox 146 2767 1284 2858; baseline 0.005 -24"><span class='ocrx_word' id='word_1_167' title='bbox 146 2771 246 2836; x_wconf 92' lang='lat' dir='ltr'>nitum</span> <span class='ocrx_word' id='word_1_168' title='bbox 269 2767 355 2855; x_wconf 83' lang='lat' dir='ltr'>velit,</span> <span class='ocrx_word' id='word_1_169' title='bbox 378 2795 418 2838; x_wconf 89' lang='lat' dir='ltr'>ne</span> <span class='ocrx_word' id='word_1_170' title='bbox 440 2795 651 2858; x_wconf 88' lang='lat' dir='ltr'>praepropere</span> <span class='ocrx_word' id='word_1_171' title='bbox 673 2773 885 2838; x_wconf 85' lang='lat' dir='ltr'>recentiorum</span> <span class='ocrx_word' id='word_1_172' title='bbox 907 2773 1099 2838; x_wconf 86' lang='lat' dir='ltr'>clamoribus</span> <span class='ocrx_word' id='word_1_173' title='bbox 1114 2771 1284 2840; x_wconf 86' lang='lat' dir='ltr'>fidemba-</span> 
     </span>
     <span class='ocr_line' id='line_1_24' title="bbox 146 2882 1283 2974; baseline 0.004 -26"><span class='ocrx_word' id='word_1_174' title='bbox 146 2882 218 2949; x_wconf 88' lang='lat' dir='ltr'>beat</span> <span class='ocrx_word' id='word_1_175' title='bbox 233 2907 312 2950; x_wconf 86' lang='lat' dir='ltr'>neve</span> <span class='ocrx_word' id='word_1_176' title='bbox 333 2885 502 2950; x_wconf 87' lang='lat' dir='ltr'>verborum</span> <span class='ocrx_word' id='word_1_177' title='bbox 525 2883 662 2968; x_wconf 87' lang='lat' dir='ltr'>delectu,</span> <span class='ocrx_word' id='word_1_178' title='bbox 684 2886 912 2952; x_wconf 88' lang='lat' dir='ltr'>sententiarum</span> <span class='ocrx_word' id='word_1_179' title='bbox 935 2884 1079 2968; x_wconf 81' lang='lat' dir='ltr'>audacia,</span> <span class='ocrx_word' id='word_1_180' title='bbox 1101 2885 1214 2974; x_wconf 85' lang='lat' dir='ltr'>putido</span> <span class='ocrx_word' id='word_1_181' title='bbox 1229 2911 1283 2953; x_wconf 86' lang='lat' dir='ltr'>ve-</span> 
     </span>
     <span class='ocr_line' id='line_1_25' title="bbox 147 2994 1283 3086; baseline 0.004 -25"><span class='ocrx_word' id='word_1_182' title='bbox 147 3004 249 3062; x_wconf 87' lang='lat' dir='ltr'>terum</span> <span class='ocrx_word' id='word_1_183' title='bbox 272 3006 463 3082; x_wconf 86' lang='lat' dir='ltr'>contemptu</span> <span class='ocrx_word' id='word_1_184' title='bbox 479 2996 512 3060; x_wconf 92' lang='lat' dir='ltr'>in</span> <span class='ocrx_word' id='word_1_185' title='bbox 533 2994 679 3062; x_wconf 75' lang='lat' dir='ltr'>fraudem</span> <span class='ocrx_word' id='word_1_186' title='bbox 695 2996 874 3063; x_wconf 88' lang='lat' dir='ltr'>inducatur.</span> <span class='ocrx_word' id='word_1_187' title='bbox 890 2999 964 3064; x_wconf 86' lang='lat' dir='ltr'>Lib.</span> <span class='ocrx_word' id='word_1_188' title='bbox 979 2999 1006 3063; x_wconf 93' lang='lat' dir='ltr'>I.</span> <span class='ocrx_word' id='word_1_189' title='bbox 1022 3021 1093 3086; x_wconf 90' lang='lat' dir='ltr'>cap.</span> <span class='ocrx_word' id='word_1_190' title='bbox 1101 2998 1128 3064; x_wconf 95' lang='lat' dir='ltr'>I.</span> <span class='ocrx_word' id='word_1_191' title='bbox 1144 3001 1283 3066; x_wconf 88' lang='lat' dir='ltr'>rationes</span> 
     </span>
     <span class='ocr_line' id='line_1_26' title="bbox 146 3105 1284 3197; baseline 0.005 -27"><span class='ocrx_word' id='word_1_192' title='bbox 146 3105 325 3192; x_wconf 87' lang='lat' dir='ltr'>dubitandi,</span> <span class='ocrx_word' id='word_1_193' title='bbox 362 3131 402 3174; x_wconf 91' lang='lat' dir='ltr'>an</span> <span class='ocrx_word' id='word_1_194' title='bbox 434 3107 521 3172; x_wconf 88' lang='lat' dir='ltr'>Zeno</span> <span class='ocrx_word' id='word_1_195' title='bbox 552 3105 758 3192; x_wconf 84' lang='lat' dir='ltr'>Sermonum,</span> <span class='ocrx_word' id='word_1_196' title='bbox 795 3111 901 3197; x_wconf 85' lang='lat' dir='ltr'>vulgo·</span> <span class='ocrx_word' id='word_1_197' title='bbox 930 3111 960 3175; x_wconf 92' lang='lat' dir='ltr'>ei</span> <span class='ocrx_word' id='word_1_198' title='bbox 995 3111 1219 3177; x_wconf 89' lang='lat' dir='ltr'>attributorum</span> <span class='ocrx_word' id='word_1_199' title='bbox 1242 3112 1284 3178; x_wconf 89' lang='lat' dir='ltr'>sit</span> 
     </span>
     <span class='ocr_line' id='line_1_27' title="bbox 147 3220 1283 3307; baseline 0.006 -26"><span class='ocrx_word' id='word_1_200' title='bbox 147 3227 267 3304; x_wconf 85' lang='lat' dir='ltr'>auctor,</span> <span class='ocrx_word' id='word_1_201' title='bbox 290 3230 362 3284; x_wconf 87' lang='lat' dir='ltr'>ante</span> <span class='ocrx_word' id='word_1_202' title='bbox 385 3220 494 3286; x_wconf 86' lang='lat' dir='ltr'>oculos</span> <span class='ocrx_word' id='word_1_203' title='bbox 517 3222 618 3307; x_wconf 89' lang='lat' dir='ltr'>ponit,</span> <span class='ocrx_word' id='word_1_204' title='bbox 640 3221 784 3306; x_wconf 88' lang='lat' dir='ltr'>loquitur</span> <span class='ocrx_word' id='word_1_205' title='bbox 805 3221 845 3288; x_wconf 90' lang='lat' dir='ltr'>de</span> <span class='ocrx_word' id='word_1_206' title='bbox 868 3223 974 3288; x_wconf 87' lang='lat' dir='ltr'>causis</span> <span class='ocrx_word' id='word_1_207' title='bbox 996 3222 1114 3288; x_wconf 90' lang='lat' dir='ltr'>silentii</span> <span class='ocrx_word' id='word_1_208' title='bbox 1139 3225 1283 3290; x_wconf 84' lang='lat' dir='ltr'>veterum</span> 
     </span>
     <span class='ocr_line' id='line_1_28' title="bbox 147 3328 1281 3422; baseline 0.004 -28"><span class='ocrx_word' id='word_1_209' title='bbox 147 3338 177 3394; x_wconf 89' lang='lat' dir='ltr'>et</span> <span class='ocrx_word' id='word_1_210' title='bbox 199 3328 239 3396; x_wconf 89' lang='lat' dir='ltr'>de</span> <span class='ocrx_word' id='word_1_211' title='bbox 260 3332 473 3416; x_wconf 88' lang='lat' dir='ltr'>supposititiis</span> <span class='ocrx_word' id='word_1_212' title='bbox 495 3333 697 3418; x_wconf 86' lang='lat' dir='ltr'>tractatibus,</span> <span class='ocrx_word' id='word_1_213' title='bbox 726 3359 793 3400; x_wconf 87' lang='lat' dir='ltr'>rem</span> <span class='ocrx_word' id='word_1_214' title='bbox 820 3357 883 3400; x_wconf 92' lang='lat' dir='ltr'>non</span> <span class='ocrx_word' id='word_1_215' title='bbox 909 3335 1076 3401; x_wconf 83' lang='lat' dir='ltr'>infeliciter</span> <span class='ocrx_word' id='word_1_216' title='bbox 1098 3334 1281 3422; x_wconf 86' lang='lat' dir='ltr'>expediens.</span> 
     </span>
     <span class='ocr_line' id='line_1_29' title="bbox 148 3435 1282 3533; baseline 0.001 -24"><span class='ocrx_word' id='word_1_217' title='bbox 148 3435 228 3528; x_wconf 79' lang='lat' dir='ltr'>Cap.</span> <span class='ocrx_word' id='word_1_218' title='bbox 243 3443 304 3509; x_wconf 91' lang='lat' dir='ltr'>III.</span> <span class='ocrx_word' id='word_1_219' title='bbox 328 3445 361 3508; x_wconf 92' lang='lat' dir='ltr'>in</span> <span class='ocrx_word' id='word_1_220' title='bbox 377 3441 502 3510; x_wconf 85' lang='lat' dir='ltr'>Sixtum</span> <span class='ocrx_word' id='word_1_221' title='bbox 527 3445 701 3513; x_wconf 84' lang='lat' dir='ltr'>Senensem</span> <span class='ocrx_word' id='word_1_222' title='bbox 724 3448 908 3532; x_wconf 88' lang='lat' dir='ltr'>praesertim</span> <span class='ocrx_word' id='word_1_223' title='bbox 932 3448 1103 3525; x_wconf 84' lang='lat' dir='ltr'>invehitur3</span> <span class='ocrx_word' id='word_1_224' title='bbox 1125 3447 1282 3533; x_wconf 88' lang='lat' dir='ltr'>imprimis</span> 
     </span>
     <span class='ocr_line' id='line_1_30' title="bbox 149 3555 1281 3641; baseline 0.009 -27"><span class='ocrx_word' id='word_1_225' title='bbox 149 3564 250 3620; x_wconf 91' lang='lat' dir='ltr'>autem</span> <span class='ocrx_word' id='word_1_226' title='bbox 272 3555 361 3622; x_wconf 87' lang='lat' dir='ltr'>illarn</span> <span class='ocrx_word' id='word_1_227' title='bbox 385 3559 453 3641; x_wconf 87' lang='lat' dir='ltr'>ejus</span> <span class='ocrx_word' id='word_1_228' title='bbox 477 3559 664 3622; x_wconf 86' lang='lat' dir='ltr'>sententiam</span> <span class='ocrx_word' id='word_1_229' title='bbox 688 3557 728 3624; x_wconf 93' lang='lat' dir='ltr'>de</span> <span class='ocrx_word' id='word_1_230' title='bbox 751 3557 935 3626; x_wconf 84' lang='lat' dir='ltr'>diversitate</span> <span class='ocrx_word' id='word_1_231' title='bbox 957 3569 1122 3624; x_wconf 89' lang='lat' dir='ltr'>auctorum</span> <span class='ocrx_word' id='word_1_232' title='bbox 1144 3558 1281 3624; x_wconf 83' lang='lat' dir='ltr'>exactis·</span> 
     </span>
     <span class='ocr_line' id='line_1_31' title="bbox 150 3659 1280 3758; baseline 0.007 -30"><span class='ocrx_word' id='word_1_233' title='bbox 150 3663 366 3752; x_wconf 88' lang='lat' dir='ltr'>simo&#39;judicio</span> <span class='ocrx_word' id='word_1_234' title='bbox 390 3670 562 3748; x_wconf 83' lang='lat' dir='ltr'>examinat3</span> <span class='ocrx_word' id='word_1_235' title='bbox 596 3669 744 3750; x_wconf 72' lang='lat' dir='ltr'>concedit</span> <span class='ocrx_word' id='word_1_236' title='bbox 774 3694 850 3758; x_wconf 86' lang='lat' dir='ltr'>ergo</span> <span class='ocrx_word' id='word_1_237' title='bbox 872 3671 1019 3736; x_wconf 90' lang='lat' dir='ltr'>Bonachi</span> <span class='ocrx_word' id='word_1_238' title='bbox 1049 3659 1190 3756; x_wconf 84' lang='lat' dir='ltr'>quinque</span> <span class='ocrx_word' id='word_1_239' title='bbox 1216 3679 1280 3736; x_wconf 90' lang='lat' dir='ltr'>tra·</span> 
     </span>
     <span class='ocr_line' id='line_1_32' title="bbox 150 3777 1281 3868; baseline 0.008 -30"><span class='ocrx_word' id='word_1_240' title='bbox 150 3783 249 3840; x_wconf 85' lang='lat' dir='ltr'>otatus</span> <span class='ocrx_word' id='word_1_241' title='bbox 271 3777 411 3865; x_wconf 91' lang='lat' dir='ltr'>Hilario,</span> <span class='ocrx_word' id='word_1_242' title='bbox 444 3782 581 3866; x_wconf 77' lang='lat' dir='ltr'>quatuor</span> <span class='ocrx_word' id='word_1_243' title='bbox 603 3783 726 3849; x_wconf 88' lang='lat' dir='ltr'>Basilio</span> <span class='ocrx_word' id='word_1_244' title='bbox 749 3781 930 3849; x_wconf 88' lang='lat' dir='ltr'>reddendos</span> <span class='ocrx_word' id='word_1_245' title='bbox 953 3805 1039 3866; x_wconf 88' lang='lat' dir='ltr'>esse,</span> <span class='ocrx_word' id='word_1_246' title='bbox 1070 3781 1210 3868; x_wconf 80' lang='lat' dir='ltr'>reliquos</span> <span class='ocrx_word' id='word_1_247' title='bbox 1231 3791 1281 3847; x_wconf 85' lang='lat' dir='ltr'>ta-</span> 
     </span>
     <span class='ocr_line' id='line_1_33' title="bbox 150 3889 1279 3962; baseline 0.011 -14"><span class='ocrx_word' id='word_1_248' title='bbox 150 3909 220 3951; x_wconf 90' lang='lat' dir='ltr'>men</span> <span class='ocrx_word' id='word_1_249' title='bbox 242 3889 306 3955; x_wconf 90' lang='lat' dir='ltr'>sine</span> <span class='ocrx_word' id='word_1_250' title='bbox 327 3892 393 3959; x_wconf 86' lang='lat' dir='ltr'>ulla</span> <span class='ocrx_word' id='word_1_251' title='bbox 414 3893 622 3960; x_wconf 85' lang='lat' dir='ltr'>haesitatione</span> <span class='ocrx_word' id='word_1_252' title='bbox 643 3896 765 3960; x_wconf 88' lang='lat' dir='ltr'>Zenoni</span> <span class='ocrx_word' id='word_1_253' title='bbox 798 3894 1028 3962; x_wconf 87' lang='lat' dir='ltr'>adscribendos</span> <span class='ocrx_word' id='word_1_254' title='bbox 1051 3917 1121 3960; x_wconf 88' lang='lat' dir='ltr'>esse</span> <span class='ocrx_word' id='word_1_255' title='bbox 1148 3894 1279 3961; x_wconf 86' lang='lat' dir='ltr'>demori-</span> 
     </span>
    </p>
   </div>
   <div class='ocr_carea' id='block_1_5' title="bbox 151 3999 1392 4096">
    <p class='ocr_par' dir='ltr' id='par_1_6' title="bbox 151 3999 1392 4096">
     <span class='ocr_line' id='line_1_34' title="bbox 151 3999 1392 4096; baseline 0.01 -35"><span class='ocrx_word' id='word_1_256' title='bbox 151 4006 235 4063; x_wconf 88' lang='lat' dir='ltr'>strat.</span> <span class='ocrx_word' id='word_1_257' title='bbox 266 3999 343 4089; x_wconf 86' lang='lat' dir='ltr'>Cap.</span> <span class='ocrx_word' id='word_1_258' title='bbox 358 4003 418 4071; x_wconf 83' lang='lat' dir='ltr'>IV.</span> <span class='ocrx_word' id='word_1_259' title='bbox 434 4006 539 4072; x_wconf 91' lang='lat' dir='ltr'>locum</span> <span class='ocrx_word' id='word_1_260' title='bbox 564 4006 653 4072; x_wconf 89' lang='lat' dir='ltr'>illum</span> <span class='ocrx_word' id='word_1_261' title='bbox 676 4007 717 4074; x_wconf 84' lang='lat' dir='ltr'>de</span> <span class='ocrx_word' id='word_1_262' title='bbox 739 4009 830 4073; x_wconf 88' lang='lat' dir='ltr'>annis</span> <span class='ocrx_word' id='word_1_263' title='bbox 853 4007 1095 4094; x_wconf 83' lang='lat' dir='ltr'>quadringentis</span> <span class='ocrx_word' id='word_1_264' title='bbox 1117 4009 1279 4096; x_wconf 88' lang='lat' dir='ltr'>proponit:</span> <span class='ocrx_word' id='word_1_265' title='bbox 1385 4025 1392 4040; x_wconf 80' lang='lat'><strong>⁴</strong></span> 
     </span>
    </p>
   </div>
   <div class='ocr_carea' id='block_1_6' title="bbox 146 4112 1285 4319">
    <p class='ocr_par' dir='ltr' id='par_1_7' title="bbox 146 4112 1285 4319">
     <span class='ocr_line' id='line_1_35' title="bbox 146 4112 1285 4207; baseline 0.013 -35"><span class='ocrx_word' id='word_1_266' title='bbox 146 4112 212 4194; x_wconf 90' lang='lat' dir='ltr'>jam</span> <span class='ocrx_word' id='word_1_267' title='bbox 233 4113 307 4178; x_wconf 88' lang='lat' dir='ltr'>satis</span> <span class='ocrx_word' id='word_1_268' title='bbox 329 4125 434 4182; x_wconf 89' lang='lat' dir='ltr'>tamen</span> <span class='ocrx_word' id='word_1_269' title='bbox 456 4141 475 4182; x_wconf 90' lang='lat' dir='ltr'>a</span> <span class='ocrx_word' id='word_1_270' title='bbox 496 4118 637 4186; x_wconf 90' lang='lat' dir='ltr'>Baronio</span> <span class='ocrx_word' id='word_1_271' title='bbox 659 4121 693 4185; x_wconf 92' lang='lat' dir='ltr'>in</span> <span class='ocrx_word' id='word_1_272' title='bbox 715 4119 950 4207; x_wconf 86' lang='lat' dir='ltr'>Martyrologio</span> <span class='ocrx_word' id='word_1_273' title='bbox 977 4117 1182 4186; x_wconf 85' lang='lat' dir='ltr'>ellucidatum</span> <span class='ocrx_word' id='word_1_274' title='bbox 1208 4143 1285 4188; x_wconf 86' lang='lat' dir='ltr'>esse·</span> 
     </span>
     <span class='ocr_line' id='line_1_36' title="bbox 151 4221 1278 4319; baseline 0.012 -34"><span class='ocrx_word' id='word_1_275' title='bbox 151 4221 300 4312; x_wconf 88' lang='lat' dir='ltr'>arbitrans</span> <span class='ocrx_word' id='word_1_276' title='bbox 316 4230 509 4313; x_wconf 79' lang='lat' dir='ltr'>argumentis</span> <span class='ocrx_word' id='word_1_277' title='bbox 525 4253 565 4298; x_wconf 85' lang='lat' dir='ltr'>ex</span> <span class='ocrx_word' id='word_1_278' title='bbox 580 4232 773 4298; x_wconf 88' lang='lat' dir='ltr'>Zenonianis</span> <span class='ocrx_word' id='word_1_279' title='bbox 796 4233 925 4316; x_wconf 85' lang='lat' dir='ltr'>scriptis</span> <span class='ocrx_word' id='word_1_280' title='bbox 947 4232 1094 4319; x_wconf 90' lang='lat' dir='ltr'>sumptis,</span> <span class='ocrx_word' id='word_1_281' title='bbox 1117 4241 1278 4298; x_wconf 87' lang='lat' dir='ltr'>auctorem</span> 
     </span>
    </p>
   </div>
   <div class='ocr_carea' id='block_1_7' title="bbox 151 4340 1279 4430">
    <p class='ocr_par' dir='ltr' id='par_1_8' title="bbox 151 4340 1279 4430">
     <span class='ocr_line' id='line_1_37' title="bbox 151 4340 1279 4430; baseline 0.011 -32"><span class='ocrx_word' id='word_1_282' title='bbox 151 4356 255 4400; x_wconf 92' lang='lat' dir='ltr'>eorum</span> <span class='ocrx_word' id='word_1_283' title='bbox 284 4341 375 4405; x_wconf 86' lang='lat' dir='ltr'>tertio</span> <span class='ocrx_word' id='word_1_284' title='bbox 405 4340 523 4406; x_wconf 86' lang='lat' dir='ltr'>vixisse</span> <span class='ocrx_word' id='word_1_285' title='bbox 556 4343 699 4427; x_wconf 89' lang='lat' dir='ltr'>saeculo,</span> <span class='ocrx_word' id='word_1_286' title='bbox 728 4345 801 4430; x_wconf 88' lang='lat' dir='ltr'>jam&#39;</span> <span class='ocrx_word' id='word_1_287' title='bbox 829 4344 958 4429; x_wconf 91' lang='lat' dir='ltr'>propria</span> <span class='ocrx_word' id='word_1_288' title='bbox 990 4343 1116 4427; x_wconf 85' lang='lat' dir='ltr'>afferre,</span> <span class='ocrx_word' id='word_1_289' title='bbox 1149 4345 1279 4410; x_wconf 86' lang='lat' dir='ltr'>minime</span> 
     </span>
    </p>
   </div>
   <div class='ocr_carea' id='block_1_8' title="bbox 0 0 1513 4936">
    <p class='ocr_par' dir='ltr' id='par_1_9' title="bbox 0 0 1513 4936">
     <span class='ocr_line' id='line_1_38' title="bbox 0 0 1513 4936; baseline 0 0"><span class='ocrx_word' id='word_1_290' title='bbox 0 0 1513 4936; x_wconf 95' lang='lat' dir='ltr'> </span> 
     </span>
    </p>
   </div>
  </div>
 </body>
</html>
