3012 4936
758 227 798 296 08

210 383 334 454 Zenoni
354 385 524 454 attributos
557 409 678 454 errores
704 388 778 454 Arii
804 409 1004 474 oppugnare,
1039 386 1116 472 ,qui
1148 397 1351 474 portentosas

209 521 305 565 vocas
327 509 424 588 atque
446 501 633 583 sententias,
667 522 830 585 nunquam
861 509 955 566 antea
984 498 1110 566 auditas
1132 501 1350 585 protulisset“

208 607 275 678 Hic
300 621 421 694 tamen,
452 612 508 678 ubi
530 611 715 679 Bonaohius
737 612 912 678 Baronium
935 609 1050 678 ducem
1072 610 1214 678 deseruit
1236 614 1352 682 similis

150 775 155 782 .
210 745 308 790 coeco
337 724 406 790 sine
433 723 568 790 duetore
591 725 625 790 in
651 724 857 792 falsissimam
884 723 1001 793 csoidit
1030 724 1128 802 viam3
1162 724 1233 789 vult
1267 728 1352 794 enim

207 836 413 924 perspicuum
448 837 566 919 faeere,
609 836 771 902 Zenonem
807 837 881 903 Lib.
904 837 949 902 Π.
983 835 1088 902 Trsut.
1111 835 1155 900 Π.
1192 836 1350 904 haeresim

208 947 362 1014 Arionem
385 949 514 1014 minime
536 949 709 1035 perstringi
729 949 888 1033 potuisse,
911 949 1009 1015 verba
1031 957 1137 1012 autem
1160 948 1217 1012 illa
1240 949 1348 1036 dioen-

207 1069 287 1126 tem:
312 1059 407 1143 „Alia
429 1060 600 1148 (nemesis)
622 1059 814 1144 modestius,
838 1061 896 1128 sed
911 1059 1094 1126 mordacius
1116 1082 1243 1142 nocens,
1267 1060 1347 1147 dicit

208 1170 340 1256 quidem
361 1171 426 1237 Dei
448 1172 566 1238 Filium
589 1173 712 1250 Deum,
736 1173 879 1240 sednon
902 1195 942 1238 ex
964 1181 1053 1258 parte
1075 1171 1245 1236 nobilitatis
1268 1195 1339 1257 per-

208 1284 361 1370 petuitate
383 1285 586 1371 progenitum
608 1286 723 1368 fuisse,
758 1286 920 1369 fuisseque
948 1295 1091 1370 tempus,
1126 1282 1253 1367 quando
1278 1307 1340 1348 non

208 1396 298 1478 fuit,“
314 1435 357 1448 -
376 1396 552 1485 Beryllum,
575 1386 762 1485 episcopum
776 1397 994 1481 Bostrensem,
1019 1397 1052 1460 in
1068 1405 1172 1460 mente
1186 1393 1344 1462 habuisse.

208 1547 249 1558 —
295 1508 362 1577 Sed
383 1509 443 1574 hao
465 1510 499 1574 i'n
520 1532 554 1576 re
577 1521 661 1576 certe
683 1533 777 1574 nemo
798 1508 965 1574 Bonaehio
991 1508 1180 1574 assentierit.
1225 1506 1346 1574 Videa-

208 1643 280 1686 mus
311 1621 409 1701 enim,
445 1621 575 1706 quinam
601 1622 696 1704 luerit
717 1620 841 1707 Berylli
869 1642 955 1686 error
982 1630 1015 1686 et
1042 1619 1149 1686 statim
1176 1620 1210 1683 in
1238 1630 1346 1704 aperto

207 1733 282 1815 erit,
307 1731 396 1798 nullo
418 1731 515 1798 modo
537 1733 643 1798 loaum
667 1733 719 1798 uit.
743 1731 878 1797 adeum
901 1732 1010 1798 referri
1032 1753 1137 1818 posse.

306 1843 457 1930 Beryllus
483 1854 564 1909 teste
585 1844 728 1910 Eusebio
750 1844 782 1908 in
805 1843 901 1909 Hist·
916 1845 993 1910 eoal.
1016 1843 1093 1910 VH.
1116 1846 1169 1910 33.
1197 1843 1345 1911 docebat:

206 1957 255 2022 τδν
276 1962 396 2043 σωτῆρα
417 1962 468 2022 καὶ
488 1958 590 2044 κύριον
610 1959 698 2038 ipsiu
719 1959 762 2038 μή
785 1958 1009 2042 προϋφεστάναι
1038 1961 1101 2024 κατ’
1131 1957 1213 2022 ίδίαν
1244 1962 1345 2034 οὐσίας

205 2071 391 2156 περνφραγὴν
413 2069 472 2155 πρδ
493 2075 545 2150 τῆς
566 2073 609 2148 είς
630 2070 815 2157 ἀνθρώπους
836 2069 1014 2151 ἐπιδημίας,
1039 2069 1116 2152 μηδὲ
1136 2070 1196 2151 μὴν
1217 2071 1344 2151 θεότητα
1429 2161 1433 2166 ¹

204 2180 286 2246 ίδίαν
315 2183 408 2264 ἔχειν,
439 2185 505 2247 ἀλλ’
537 2187 802 2263 ίμπολιτευομένην
833 2184 915 2269 αὐτῷ
935 2182 1030 2262 μόνην
1051 2181 1103 2262 τὴν
1124 2181 1284 2268 πατρινῆνς
1304 2221 1344 2234 ·-

205 2289 404 2357 divinitatem
427 2315 504 2378 ergo
526 2293 559 2356 in
581 2288 722 2373 Christo,
746 2315 828 2376 quae
850 2291 1060 2375 personaliter
1082 2316 1101 2358 a
1123 2293 1229 2374 Patre,
1253 2295 1343 2360 unica

204 2400 313 2468 divina
334 2425 470 2488 persona
491 2427 555 2468 non
578 2413 662 2470 esset
684 2401 824 2486 diversa,
852 2413 919 2470 tum
947 2403 1077 2489 quidem
1105 2406 1267 2489 propriam
1291 2429 1343 2471 ex-

204 2513 325 2580 stitisse
346 2513 551 2603 hypostasin,
579 2539 676 2602 quum
700 2516 796 2582 Pater
818 2518 849 2582 in
873 2513 1005 2585 Christo
1028 2539 1154 2584 carnem
1177 2516 1344 2599 induisset,

202 2650 267 2692 una
289 2648 329 2692 ex
351 2637 441 2715 parte
464 2627 623 2695 diversam
639 2653 658 2694 a
672 2629 779 2714 Patre,
802 2629 1045 2696 indeterminata
1067 2629 1176 2695 divina
1198 2653 1343 2716 persona,

203 2738 265 2803 alia
287 2763 329 2804 ex
350 2750 440 2826 parte
462 2764 535 2807 cum
558 2741 653 2806 Patre
675 2743 778 2825 unita,
802 2743 848 2808 uti
871 2743 1047 2830 personalis
1069 2742 1170 2828 ipsius
1193 2743 1343 2808 revelatio

203 2849 236 2912 in
258 2872 353 2915 earne
372 2853 426 2936 78).
470 2852 569 2916 Ηιιαο
590 2852 714 2938 Berylli
736 2877 875 2919 errorem
899 2856 996 2920 citato
1018 2855 1090 2920 loco
1110 2854 1249 2920 Zenonis
1272 2879 1343 2941 per-

204 2959 350 3026 strictum
373 2971 458 3028 certe
481 2986 544 3027 non
565 2963 774 3028 inveniemus.
820 2965 915 3045 „Alia
949 2964 1120 3050 (haeresis)
1155 2965 1343 3048 modestius,

203 3070 261 3138 sed
287 3070 488 3158 mordacius,
520 3095 653 3155 nocens,
685 3073 790 3158 inquit
813 3076 914 3160 Zeno,
946 3073 1025 3138 dioit
1047 3072 1266 3158 quidemDei
1287 3079 1342 3143 Fi-

200 3182 280 3248 lium
302 3184 424 3268 Deum,
449 3185 594 3252 sednon
616 3209 657 3251 ex
679 3196 768 3270 parte
791 3184 967 3251 nobilitatis
990 3188 1208 3272 perpetuitate
1227 3215 1342 3277 proge-

201 3296 302 3362 nitum
324 3298 435 3380 fuisse,
457 3299 621 3383 fuisseque
643 3308 780 3386 tempus,
805 3298 934 3384 quando
956 3321 1019 3363 non
1035 3299 1124 3364 suin<
1163 3302 1239 3368 Non
1254 3302 1344 3370 videt

200 3409 356 3494 Bonaolri,
379 3410 539 3476 Zenonem
554 3412 616 3478 loo.
629 3413 681 3477 eit.
698 3411 846 3478 haeretici
862 3410 1030 3497 eujusdam
1052 3435 1229 3499 proponere
1251 3436 1338 3479 erro·

200 3544 278 3604 rem,
302 3522 359 3605 qui
373 3506 439 3588 duo
453 3522 549 3608 plone
564 3522 691 3590 diversa
713 3525 797 3589 entia
819 3521 1047 3610 distinguebat,
1069 3523 1218 3590 videlicet
1231 3523 1340 3590 Deum

200 3632 372 3698 etlilium
393 3633 474 3718 Dei,
497 3633 585 3719 quod
606 3635 757 3721 Beryllus
779 3658 843 3700 non
865 3635 1017 3718 faciebat,
1040 3637 1092 3702 cui
1113 3637 1209 3704 Pater
1231 3646 1263 3702 et
1284 3636 1340 3702 Fi·

198 3743 272 3810 lius„
288 3769 353 3811 una
378 3753 469 3810 erant
494 3769 694 3831 persona-
717 3745 833 3836 deinde
860 3746 1054 3816 haereticum
1077 3748 1246 3816 ¹a'Zenone
1268 3773 1340 3836 per-

270 4031 305 4098 7ὅ)
324 4029 364 4084 ef.
383 4029 471 4086 Riese
494 4030 522 4084 in
545 4031 621 4086 artie.
639 4029 831 4086 Antitn'nitarii
854 4032 882 4086 in
900 4033 1001 4089 Larino
1025 4031 1209 4089 eeclesiastico
1232 4034 1341 4091 editos

127 4119 134 4124 '
198 4121 326 4179 Wetzero
344 4129 372 4179 et
389 4123 490 4180 Wette
513 4125 638 4196 Friburgi
657 4126 746 4196 Brisg.
766 4129 841 4184 1857.
864 4127 940 4181 Tom.
959 4128 979 4182 Ι.
998 4144 1061 4198 pag.
1080 4130 1191 4184 294.-
1226 4129 1341 4186 Ritter:

197 4216 475 4290 Kirelrengesehiohte
493 4219 536 4275 ed.
550 4221 595 4276 uit.
613 4221 689 4276 Tom.
702 4221 722 4282 I.
741 4237 804 4290 pag.
819 4221 929 4277 140.-
959 4221 1001 4276 ef.
1019 4221 1192 4296 D'o'lle‘nper:
1209 4224 1337 4279 Kirehen·

197 4311 356 4382 gesohiehte
374 4315 416 4370 ed.
436 4314 480 4370 ait.
498 4315 608 4370 Tomi
626 4332 690 4387 pag
702 4315 744 4369 37.
