3012 4936
759 257 798 325 ts

209 421 422 486 necessarium
453 441 524 484 esse
558 417 660 498 ducit3
692 442 755 484 non
782 415 871 484 videt
895 427 1016 499 tamen,
1048 419 1224 488 Beronium
1249 427 1352 512 ipsius

210 534 352 620 opinioni
369 533 452 597 satis
475 555 545 598 csse
565 532 712 598 alienum.
758 531 962 616 Quamquam
978 524 1062 596 enim
1078 533 1240 603 Baronius
1256 563 1351 626 argu-

209 653 369 710 mentatur
390 643 542 709 nonnulla
564 644 596 708 in
618 643 809 710 Zenonianis
837 643 1023 712 tractatibus
1058 647 1236 732 contineri,
1271 675 1352 737 quae

210 756 252 822 ad
271 755 334 821 111.
350 756 512 823 saeculum
536 756 601 821 sint
621 755 786 821 referenda
808 757 919 843 (quam
941 756 1055 840 ¹parum
1078 755 1214 825 idoneae
1236 763 1353 831 fuerint

211 873 280 956 ejus
306 870 460 952 rationes,
491 868 657 932 Ballerinii
680 866 1109 955 optimedemonstrarunt),
1142 880 1250 938 tamen
1284 877 1351 960 ipse

173 975 175 986 ’
210 983 243 1047 in
265 981 413 1046 maximis
437 980 497 1044 fuit
520 978 626 1045 dubiis
659 979 700 1045 do
731 989 860 1045 auctore
891 980 1115 1046 nonnullorum
1146 991 1350 1071 tractatuum,

210 1095 242 1159 iu
269 1094 386 1178 quibus
406 1092 566 1157 Arianam
599 1092 756 1158 haeresim
788 1093 966 1181 oppugnari
1000 1103 1084 1157 recte
1117 1097 1348 1180 suspicabatur,

211 1217 337 1273 etcum
360 1229 437 1292 crgo
459 1215 640 1292 respectum
661 1206 782 1271 habens
805 1204 847 1271 ad
869 1205 1011 1291 Augusti
1026 1205 1146 1294 Valerii
1165 1206 1344 1274 Cardinalis

210 1319 433 1406 persuasiones
471 1318 659 1384 sententiam
696 1341 787 1383 suam
822 1319 857 1383 in
889 1317 1125 1406 Martyrologio
1159 1319 1277 1403 posuit,
1310 1320 1346 1386 id

210 1429 417 1496 nihilominus
440 1431 697 1495 constantissime
723 1430 868 1512 tenebat,
886 1430 1117 1517 ,supposititios
1141 1452 1211 1494 esse
1233 1440 1348 1495 tracta-¹

210 1552 287 1626 tus,
305 1541 338 1606 in
361 1542 486 1627 quibus·
502 1565 624 1608 errores
647 1542 718 1606 Arii
740 1543 1009 1628 perstringantur,
1034 1581 1073 1590 --
1097 1541 1265 1607 ethorum
1287 1553 1351 1608 tra-

212 1663 353 1720 ctatuum
388 1677 540 1741 magnus⁴
557 1664 607 1720 est
627 1669 778 1720 numerus
801 1695 842 1712 -ψ
866 1653 954 1740 quod
976 1653 1201 1720 Bonachianae
1224 1663 1352 1720 senten-

211 1767 275 1831 tiae
290 1766 384 1852 plane
400 1767 592 1832 contrarium
609 1776 671 1832 est:
690 1770 864 1849 ettamen,
878 1787 1071 1851 quamquam
1088 1767 1157 1852 ipse
1168 1765 1352 1833 Bonachius

213 1877 375 1963 discrepat
405 1879 438 1941 in
471 1856 641 1942 sententia¹
660 1901 732 1943 curn
760 1879 916 1960 Bononio,
950 1879 1089 1943 maxima
1121 1879 1352 1965 vituperatione

213 1990 329 2077 dignos
351 2013 422 2055 esse
444 1998 536 2075 putat
557 1989 616 2056 hos
640 2013 765 2074 omnes,
800 1991 855 2075 qui
889 2000 1000 2056 contra
1020 1990 1196 2056 Baronium
1231 2002 1263 2056 et
1284 1995 1352 2078 ejus

213 2103 379 2189 opiniones
402 2101 579 2187 quidquam
604 2105 775 2186 ,effutire“'
792 2104 861 2169 arisi
884 2105 957 2169 sint.
1001 2105 1052 2169 Ita
1071 2105 1103 2168 in
1119 2102 1350 2172 Combefisium

213 2213 505 2282 et-leemontium
534 2218 736 2301 praesertim,
770 2218 825 2302 qui
848 2217 979 2281 Baronii
1002 2217 1190 2280 sententiam
1214 2228 1352 2280 evertere

214 2328 319 2391 conati
353 2336 442 2408 sunt,
476 2327 644 2391 invehitur.
694 2327 836 2392 Omnino
870 2328 1112 2393 minuscularios
1144 2337 1267 2393 tantum
1304 2351 1351 2392 res

214 2445 324 2503 contra
346 2436 585 2503 Titlemontium
607 2439 738 2523 profert,
762 2462 896 2525 quorum
920 2443 1021 2527 major
1042 2461 1117 2526 pars
1139 2440 1258 2506 nullius
1281 2441 1352 2525 qui-

214 2549 288 2616 dem
315 2559 365 2616 est
390 2551 552 2617 momenti.
605 2552 733 2618 Profert
754 2577 804 2618 ex.
827 2577 874 2641 gr.
898 2562 1009 2619 contra
1030 2553 1268 2619 Tillemontium
1292 2552 1352 2617 Ze·

215 2664 307 2727 nonis
330 2664 431 2748 ipsius
454 2687 494 2729 cx
517 2688 662 2730 sermone
685 2664 725 2731 de
753 2668 947 2733 continentia
973 2667 1094 2750 locum,
1122 2665 1353 2746 demonstrans,

216 2775 412 2840 Tillemontii
434 2776 615 2861 opinionem
640 2776 680 2843 de
707 2779 863 2844 velamine
897 2802 1037 2864 expanso
1071 2779 1103 2842 in
1134 2777 1283 2855 ecclesia,
1315 2799 1354 2839 nc

214 2885 288 2950 laici
303 2886 560 2951 communionem
573 2887 714 2970 videant,
737 2891 831 2974 piane
845 2889 957 2954 falsam
973 2911 1053 2953 esse.
1085 2887 1231 2974 Opponit
1246 2897 1353 2951 autem

217 2997 407 3064 contrariam
430 2996 634 3062 Tillemontio
656 2997 788 3064 Barouii
812 2999 1008 3083 opinionem,
1032 2996 1120 3060 nullo
1140 3019 1180 3060 ex
1194 2996 1355 3061 veteribus

217 3118 405 3196 argumento
428 3131 496 3172 sam
521 3108 721 3190 suffuiciens,
745 3118 778 3173 et
800 3108 970 3174 arbitratur
992 3130 1029 3171 eo
1052 3105 1148 3172 modo
1172 3131 1239 3174 asc
1255 3106 1355 3172 Tille-

217 3221 371 3286 montium
400 3225 467 3307 jam
500 3222 619 3286 victum
654 3243 734 3287 esse.
783 3222 908 3286 Locum
930 3230 1035 3285 autem
1058 3221 1197 3286 Zenonis
1219 3225 1287 3308 ejus
1310 3220 1356 3284 rei

219 3357 316 3400 causa
337 3334 369 3398 in
393 3330 533 3397 medium
556 3333 694 3418 profert,
718 3334 793 3418 quia
815 3333 885 3399 vult
899 3332 1104 3398 Tillemontio
1127 3331 1355 3414 demonstrare,

217 3447 251 3510 in
273 3444 384 3512 codem
407 3446 479 3532 ipso
501 3455 657 3528 tractatu,
689 3471 728 3511 ex
752 3468 816 3531 quo
839 3455 1060 3533 argumentum
1084 3446 1222 3532 potierit,
1257 3445 1356 3509 multa

217 3559 365 3641 inveniri,
401 3580 483 3642 quae
508 3557 760 3624 luculentissime
788 3556 971 3641 ostendant,
1005 3557 1166 3623 Zenonem
1193 3558 1286 3622 tertio
1308 3557 1355 3621 vi-

217 3671 305 3736 xisse
336 3669 477 3734 saeculo:
529 3669 641 3751 „Illius
675 3671 769 3755 (citat
798 3669 999 3757 Bonachius)
1031 3668 1241 3754 a-quolibet·
1258 3668 1357 3734 libere

218 3781 347 3846 tractari
369 3790 476 3866 potest
498 3781 732 3868 (sacrificium),
754 3792 846 3847 tuum
868 3783 962 3848 etiam
980 3804 999 3846 a
1014 3779 1205 3850 Christianis
1228 3781 1358 3846 minime
1433 3797 1439 3806 ’

220 3894 408 3975 consecrari,
433 3892 501 3958 sine
524 3893 692 3980 sacrilegio
714 3893 816 3960 videri
839 3900 974 3981 potest.“
1009 3893 1075 3957 Hic
1095 3893 1186 3958 locus
1202 3893 1235 3957 in
1249 3892 1357 3958 Belle-

219 4007 342 4072 riniana
364 4003 503 4070 editione
525 4028 566 4070 ex
588 4005 700 4072 codice
723 4007 919 4094 Pompejano
942 4014 974 4071 et
995 3983 1121 4070 duobus
1152 4003 1223 4070 aliis
1251 4027 1357 4070 emen·

221 4117 389 4198 datusest,
413 4125 445 4182 et
459 4140 518 4202 pro
534 4118 747 4184 consecrari“:
771 4118 1004 4200 „consecratis“
1028 4117 1168 4202 positum
1189 4125 1247 4199 est,
1271 4115 1357 4201 quod

220 4229 315 4316 plane
337 4229 433 4294 aliam
455 4227 546 4294 dabit
568 4231 766 4297 sententiam.
811 4227 877 4296 sed
899 4229 1005 4312 posito
1028 4227 1175 4314 quidem,
1198 4251 1265 4294 rem
1288 4251 1358 4294 esse

222 4340 368 4424 dubiam,
392 4343 521 4426 quinam
546 4341 694 4408 codicum
716 4339 913 4428 primitivum
938 4339 1085 4406 habuerit
1108 4349 1241 4422 textum,
1264 4361 1359 4425 argu-
