3012 4936
707 261 746 322 25

154 419 190 482 in
209 427 278 482 tota
296 441 355 482 sua
380 417 523 482 oratioue
549 416 759 500 demonstrat,
790 442 823 482 se
851 419 947 483 rerba
970 419 1074 484 facere
1098 418 1130 480 in
1158 417 1293 482 solemni

154 530 311 596 eeclesiae
340 527 553 612 dedicatione,
594 529 637 594 ad
676 533 766 614 eujus
806 531 879 596 festi
916 529 1159 594 celebrationem
1189 530 1292 592 omnis

156 640 350 706 conditionis
376 639 488 706 fideles
513 641 546 704 in
571 649 636 706 tam
662 641 748 707 felici
772 653 1153 736 conveneruntynumero,
1183 650 1219 704 ut
1238 663 1292 706 eos

157 752 295 818 ecclesia
319 775 431 837 capere
451 775 515 818 nou
533 761 645 837 posset
663 753 740 838 (loc.
761 754 815 818 cit.
836 777 867 818 n.
883 757 913 822 2.
933 776 1006 839 pag.
1025 755 1116 840 105),
1137 793 1177 800 -
1206 751 1294 836 quod

158 864 255 930 etiam
275 887 338 930 non
357 865 452 950 pauci
470 865 623 933 momenti
641 865 773 950 praebet
797 875 1018 951 argumentum
1045 864 1087 929 ad
1113 865 1293 950 opinionem

157 985 301 1040 nostram
329 975 592 1060 confirmandam,
619 976 781 1042 Zenonem
808 986 920 1061 quarto
941 977 1068 1043 saeculo
1087 977 1215 1042 vixisse.
1256 975 1294 1039 In

156 1086 269 1154 eodem
293 1097 428 1156 tractatu
442 1089 539 1154 XIV.
564 1089 639 1154 Lib.
653 1088 680 1152 Ι.
702 1113 732 1153 n.
753 1091 779 1153 1.
800 1111 873 1174 pag.
892 1091 962 1154 103.
979 1087 1074 1154 docet
1099 1089 1200 1171 Zeno,
1228 1087 1294 1152 suis

155 1200 369 1284 temporibus,
403 1223 467 1267 non
500 1200 630 1266 licuisse
663 1201 800 1286 amplius
834 1200 953 1284 templa
966 1237 971 1246 ·
986 1200 1171 1266 aedificare:
1210 1196 1296 1281 „Sed

157 1311 321 1394 quamvis,
345 1311 473 1394 inquit,
491 1312 533 1376 sit
552 1313 708 1395 optimum
726 1310 871 1394 laudare,
898 1335 980 1396 quae
995 1313 1058 1377 Dei
1078 1322 1166 1393 sunt,
1189 1320 1296 1374 tamen

158 1421 365 1506 praecipuum
386 1445 450 1486 uon
470 1431 532 1504 est,
558 1421 647 1505 quod
673 1447 744 1488 oum
757 1403 759 1408 Ι
772 1423 935 1508 gentibue,
961 1423 1142 1507 quodcum
1160 1421 1296 1486 Judaeis

159 1541 268 1618 potest
297 1556 367 1600 esse
397 1557 578 1600 commune:
608 1558 682 1598 nam
709 1546 741 1600 et
769 1536 832 1600 illie
863 1536 889 1598 si
920 1535 1027 1616 liceat,
1057 1534 1109 1598 vel
1134 1535 1163 1598 si
1187 1531 1296 1614 velint,

158 1645 305 1710 fortassis
326 1645 443 1710 cultius
463 1667 645 1732 synagogas
665 1646 843 1729 aedificent,
864 1646 980 1712 cultius
996 1645 1119 1732 erigant
1134 1643 1296 1730 capitoliar

160 1756 218 1822 sed
245 1758 277 1822 in
303 1757 354 1822 bis
380 1757 530 1822 omnibus
557 1758 708 1843 operibus
737 1782 813 1824 vero
839 1757 961 1845 judicio
991 1767 1164 1822 structores
1194 1756 1297 1841 magis

159 1879 296 1954 possunt
318 1869 459 1954 placere,
484 1892 580 1953 quam
600 1870 813 1935 sacerdotes.“
857 1870 949 1935 Haec
968 1878 1076 1956 aperte
1095 1867 1136 1932 ad
1151 1868 1211 1933 IV.
1227 1891 1298 1932 sae-

161 1980 270 2046 culum
296 1989 455 2065 spectant,
482 2003 545 2064 quo
569 1981 687 2046 ethnici
713 1981 873 2047 interdicti
899 1992 973 2047 sunt
995 1981 1185 2066 templorum
1209 1977 1297 2044 aedi·

161 2091 319 2156 ficatione.
373 2090 513 2156 Videtur
545 2101 650 2158 autem
684 2093 738 2159 bic
771 2117 875 2159 sermo
909 2103 985 2180 post
1012 2103 1146 2157 mortem
1175 2091 1298 2156 Juliani

161 2204 339 2286 Apostatae
359 2203 397 2288 (†
412 2205 492 2290 363)
512 2203 617 2270 dictus
639 2227 724 2288 esse,
744 2207 800 2270 ubi
820 2208 880 2271 sub
899 2206 1054 2289 Joviano,
1074 2203 1299 2268 Valentiniano

163 2325 196 2380 et
209 2314 347 2380 Valente
366 2317 515 2400 gentibus
536 2317 649 2382 offerre
669 2315 801 2401 quidem
819 2318 923 2401 licuit,
945 2317 1002 2383 sed
1021 2318 1054 2382 in
1069 2316 1209 2380 maxima
1223 2337 1303 2378 cona

162 2426 293 2492 tumelia
317 2425 516 2495 habebantur
541 2439 573 2494 et
595 2428 636 2493 de
655 2429 846 2514 templorum
866 2429 1085 2494 aedificatione
1105 2449 1209 2493 sermo
1229 2447 1299 2490 esse

164 2560 228 2600 non
252 2537 358 2619 potuit
373 2537 430 2624 49).
482 2538 589 2624 Hujus
615 2539 662 2603 rei
688 2561 785 2602 causa
807 2538 887 2604 dicit
912 2541 1007 2604 etiam
1033 2540 1135 2622 Zeno,
1165 2536 1300 2624 gentiles

166 2668 268 2731 neque
283 2669 389 2733 posse,
408 2671 513 2731 neque
527 2649 608 2713 velle
624 2648 761 2734 emplius
776 2648 895 2733 templs
911 2648 1094 2714 aedificare:
1116 2673 1179 2712 non
1194 2669 1301 2734 posse,

165 2760 242 2844 quia
259 2775 304 2824 'ea
328 2783 363 2824 re
387 2759 452 2824 sint
470 2759 641 2843 interdicti,
671 2783 735 2824 non
764 2759 856 2843 velle,
886 2783 959 2824 nam
986 2761 1022 2826 si·
1039 2759 1170 2844 quidem
1196 2760 1242 2825 eis
1269 2758 1302 2823 id

164 2872 304 2954 licuerit,
329 2894 393 2935 non
411 2870 538 2957 possint
556 2870 591 2936 id
609 2871 700 2936 velle.
744 2871 908 2936 Permulta
925 2872 1014 2936 enim
1034 2874 1165 2958 antiqua
1182 2871 1303 2958 templa

164 2983 316 3048 derelicta
345 2983 473 3048 stabant
501 2993 533 3047 et
561 3006 681 3067 paucos
712 2991 833 3048 tantum
859 2984 1041 3050 alliciebant
1056 2985 1203 3051 'deorum
1233 2986 1301 3051 cul-

164 3106 248 3160 tures
264 3095 326 3179 43);
362 3117 446 3160 nova
469 3117 545 3181 ergo
566 3117 697 3180 prorsus
718 3095 880 3181 superflua
902 3106 1000 3162 erant.
1043 3097 1083 3161 In
1102 3097 1210 3162 lieet·
1223 3097 1301 3162 XV.

166 3206 239 3274 Lib.
253 3207 280 3270 1.
300 3219 374 3292 pag.
392 3209 463 3274 114.
483 3230 514 3270 n.
529 3206 560 3270 b.
580 3207 684 3270 innuit
702 3206 805 3290 Zeno,
829 3207 897 3272 suis
920 3209 1133 3294 temporibus,
1157 3209 1302 3274 ethnicos

166 3317 227 3382 diis
254 3318 417 3382 oblaturus
444 3319 477 3380 in
502 3317 633 3402 praedia
663 3339 733 3384 sese
761 3319 916 3384 ¹«conferre.
960 3320 1012 3384 Ita
1026 3321 1111 3384 enim
1132 3319 1304 3406 exprobrat

168 3429 373 3496 Christianis:
405 3429 510 3511 „Heic
536 3429 692 3512 quaerite,
723 3429 914 3512 Christiani,
945 3431 1136 3496 sacrificium
1162 3440 1303 3494 vestrum

167 3564 206 3603 an
225 3563 296 3606 esse
316 3542 420 3625 possit
439 3549 619 3626 acceptum,
647 3541 710 3624 quis
728 3541 904 3606 vicinarum
929 3542 1168 3626 possessionum
1192 3563 1312 3625 omues

167 3651 321 3736 glebulas,
346 3653 479 3739 capillos
500 3662 533 3718 et
551 3653 696 3718 surculos
715 3654 830 3732 nostis3
856 3653 889 3716 in
904 3652 1043 3738 praediis
1064 3661 1170 3718 autem
1188 3651 1302 3716 vestris

239 3865 272 3934 ⁴²)
289 3866 320 3922 J.
338 3866 369 3924 J.
387 3867 502 3926 Rittcr:
514 3929 517 3936 ,
531 3866 683 3935 Haudburir
701 3867 750 3924 der
766 3865 1053 3937 Kirchsngsschichte.
1087 3868 1138 3924 Ed.
1156 3867 1190 3924 V⁴
1225 3867 1305 3924 Boua

169 3958 243 4014 1854.
278 3961 355 4018 Tem.
373 3963 394 4018 Ι.
410 3981 475 4034 pag.
494 3963 552 4022 173.

239 4058 271 4125 ⁴³)
289 4058 427 4113 Ballennii
444 4059 472 4112 in
490 4063 555 4113 uota
571 4057 607 4112 ad
625 4054 728 4110 huncce
745 4056 834 4112 locum
852 4057 936 4112 verba
955 4057 994 4126 ,si
1012 4057 1106 4112 liceat“
1126 4057 1162 4111 ad
1179 4057 1303 4126 gentiles,

169 4153 208 4222 „si
226 4153 325 4208 velint“
345 4153 381 4207 ad
398 4152 520 4208 Judaeos
537 4151 631 4208 referri
648 4151 756 4220 volunt,
780 4151 830 4206 sed
851 4151 940 4206 minus
962 4151 1149 4221 accomodate,
1172 4153 1202 4206 ut
1225 4151 1304 4206 nobis

168 4247 286 4318 videtur,
304 4247 400 4302 saltem
412 4246 441 4300 in
452 4247 569 4302 Zenonis
580 4245 670 4302 verbis
681 4245 756 4301 nulls
772 4249 815 4302 est
832 4245 868 4301 ad
885 4245 965 4302 talem
983 4247 1165 4317 conjecturam
1183 4245 1303 4314 indictio,

167 4342 354 4412 interpretatio
371 4341 433 4411 ipsa
449 4343 539 4396 autem
557 4347 652 4397 coacta
667 4347 718 4397 est.
1080 4337 1082 4344 '
