3012 4936
219 418 348 485 omnino
379 427 558 504 temporum
590 431 735 486 auctores
762 420 831 488 sine
853 419 919 484 ulla
939 418 1148 486 haesitatione
1170 417 1372 484 confudisse

218 541 390 616 utrumque
410 531 602 597 vocabulum
619 533 674 618 οε).

317 643 399 730 Ejus
421 643 467 708 rei
487 667 586 710 eausa
608 644 703 710 etiam
725 643 813 710 Zeno
835 653 944 710 noster
970 654 1091 731 martyr
1117 645 1225 710 vocari
1251 645 1373 728 potuit

218 780 238 822 a
258 755 419 824 nonnullis
442 756 639 840 auctoribus,
663 756 740 840 quia
760 755 793 820 in
816 756 885 822 zelo
907 779 966 822 suo
989 756 1022 820 in
1044 755 1277 843 propugnanda
1291 754 1372 821 fide

218 865 398 934 orthodoxa
428 867 535 934 socius
566 877 599 933 et
628 868 789 955 partiteps
819 867 942 936 exstitit
971 869 1068 934 sortis
1099 868 1277 934 communis
1309 876 1373 932 tot

218 977 442 1046 excellentium
463 978 630 1046 Ecclesiae
652 981 802 1064 virorum,
825 980 881 1066 qui
903 991 1016 1066 quarto
1036 981 1163 1047 saeculo
1177 1003 1251 1046 vere
1266 1001 1369 1045 acer-

218 1091 384 1158 bissimam
406 1090 446 1156 ob
469 1091 598 1158 Arianis
621 1092 719 1158 vitam
741 1092 1151 1178 comparatum‘habebant,
1173 1103 1206 1158 et
1220 1092 1277 1177 qui
1290 1092 1368 1157 for-

218 1203 292 1270 titer
313 1226 436 1269 sacram
451 1209 637 1291 ‘pugnantes
665 1229 809 1292 pugnam
833 1204 914 1272 inter
942 1206 1178 1296 persecutiones
1203 1215 1236 1272 et
1260 1227 1368 1271 casus

218 1314 351 1383 infestos
370 1318 441 1404 jure
464 1316 645 1405 Martyrum
666 1317 794 1384 titulum
816 1318 981 1404 promeriti
1002 1319 1107 1384 sunt..

739 1555 745 1564 ·
771 1537 824 1601 .2;
857 1591 862 1602 .
1025 1579 1029 1590 ·

295 1652 393 1711 Loctes
410 1649 443 1712 S.
464 1609 603 1728 Gregorii
614 1653 662 1726 Μ.
680 1653 730 1712 lib.
748 1537 809 1712 ill.
827 1651 948 1728 Dioloq.
967 1671 1031 1727 cop.
1050 1652 1097 1710 19.
1112 1650 1277 1726 profertor.

319 1791 457 1876 Primus,
481 1793 536 1878 qui
552 1793 713 1859 Zenonem
735 1773 913 1880 Mertyrem
935 1802 1039 1876 vocat,
1063 1790 1096 1861 S.
1113 1791 1290 1879 Gregorius
1306 1793 1356 1860 M.

220 1912 276 1968 est
284 1903 317 1967 ιιι
331 1903 386 1968 lib
401 1903 463 1968 ΠΙ.
480 1898 639 1990 ΠίιΙοςᾘ
633 1927 701 1991 cap
720 1906 780 1987 19,
804 1901 894 1992 cujus
917 1929 977 1970 auc
977 1893 1105 1971 toritate
1128 1905 1224 1971 etiam
1245 1929 1356 1971 omnes

199 2015 408 2095 innituntur,
441 2015 497 2101 qui
527 2005 699 2130 aliquando
730 2025 806 2102 post
835 2015 875 2082 de
902 2017 1057 2082 Zenonis
1068 1995 1219 2108 martyrio
1251 2017 1354 2101 quod-

220 2149 357 2212 cumque
390 2124 561 2194 memoriae
591 2113 987 2195 trediderunt.Looi1s
999 2129 1084 2195 illius
1118 2113 1270 2195 Doctoris
1303 2129 1354 2196 bic

219 2249 285 2305 est:
331 2235 466 2336 „Nuper
486 2215 630 2306 Joannes
653 2237 814 2332 Tribunus
845 2241 1037 2307 revelatione
1069 2263 1128 2306 sua
1158 2265 1209 2307 me
1236 2240 1348 2324 docuit,

218 2350 307 2436 quod
338 2352 542 2447 Pronulphus
570 2349 689 2420 Comes
723 2365 822 2436 quum
849 2347 900 2417 illi
931 2351 1072 2454 adesset,
1107 2375 1141 2419 se
1168 2377 1241 2419 cunr
1268 2343 1351 2440 Rege

218 2463 356 2530 Authari
378 2464 491 2560 eodem
513 2474 657 2552 tempore
679 2462 713 2564 in
734 2463 806 2532 loco
830 2463 953 2564 eodem,
977 2465 1032 2550 ubi
1055 2465 1135 2530 mira
1157 2491 1208 2534 res
1224 2466 1358 2553 contigit

219 2577 350 2645 affuisse
371 2601 504 2664 eamque
526 2601 592 2643 rem
616 2575 806 2674 cognovisse
828 2589 962 2646 testatus
985 2589 1042 2648 est
1021 2579 1219 2646 tPraedict
1206 2589 1257 2644 tus
1274 2578 1356 2643 enim

220 2671 381 2758 Tribunus
404 2691 544 2757 narravit
557 2673 687 2758 ¹dicens·
707 2691 844 2776 „Quia
850 2682 922 2760 ante
937 2691 999 2759 hoc
1013 2687 1079 2759 fere
1095 2679 1357 2777 quinquennium,

217 2802 350 2886 quando
383 2803 470 2891 apud
500 2803 583 2869 hanc
604 2783 783 2910 Romanam
817 2806 928 2872 urbem
959 2799 1083 2871 alneum
1111 2826 1204 2869 suurn
1232 2801 1358 2868 Tiberis

220 2935 368 2999 egressus
391 2925 449 2997 est,
471 2924 595 2979 tantum
618 2899 818 2998 crescens‚u
821 2921 917 3020 tejus
907 2913 1019 2980 unda
1034 2937 1131 2998 super
1146 2934 1253 2977 muros
1270 2913 1358 2978 urbis

219 3023 378 3108 influeret,
402 3035 498 3112 etque
520 3025 625 3092 iride
612 3051 679 3116 Jem
703 3027 858 3094 maximas
885 3025 1032 3112 regiones
1060 3028 1244 3107 occuparet:
1271 3021 1358 3105 apud

220 3135 438 3204 Veronensem
465 3138 575 3205 urbem
604 3119 720 3232 fluvius
746 3140 792 3203 At
793 3138 878 3226 hesis
906 3155 1093 3202 excrescens
1120 3131 1163 3198 ad
1188 3130 1273 3196 beati
1295 3130 1356 3196 Ze·

219 3240 311 3314 nonis
335 3251 484 3350 martyris
507 3261 603 3336 atque
625 3227 791 3316 Pontificis
815 3219 982 3342 ecclesiam
1008 3244 1096 3310 venit
1101 3244 1228 3332 ,cujus
1231 3243 1356 3310 eoele-

189 3388 195 3398 ·
220 3361 285 3432 tiae
308 3359 416 3426 dum
403 3386 521 3449 Januae
544 3371 651 3428 essent
659 3370 800 3450 apertae
822 3384 906 3446 aqua
927 3357 960 3423 in
983 3382 1052 3424 eam
1072 3357 1202 3433 minime
1217 3356 1357 3439 intravit,

219 3497 302 3559 quae
324 3471 498 3562 paullisper
520 3496 666 3562 crescens
690 3497 791 3558 usque
817 3469 859 3539 ad
889 3475 1043 3538 fenestras
1075 3471 1244 3566 ecclesiae,
1276 3492 1358 3555 quac

219 3595 309 3652 erant
329 3586 422 3654 tectis
450 3587 613 3672 proximae
639 3586 797 3672 pervenit,
830 3585 941 3671 sicque
972 3594 1059 3651 stans
1090 3605 1173 3668 eque
1204 3580 1357 3647 ecclesiae

216 3701 346 3786 januam
370 3700 498 3784 elausit,
521 3721 558 3764 ac
577 3699 608 3764 'si
622 3697 710 3764 'illud
732 3697 922 3764 elementum
941 3695 1099 3781 liquidum
1115 3694 1148 3759 in
1163 3693 1357 3760 soliditatem

210 3894 214 3901 .
230 3893 424 3904 Μ

290 3983 324 4053 ⁶¹)
342 3981 496 4040 Bononiae
513 3983 545 4038 in
556 3982 636 4038 notis
649 3979 685 4038 ad
702 3981 840 4054 Martyrol.
859 3983 936 4046 Rom.
955 3979 997 4035 ed.
1016 3978 1061 4033 c'it.
1080 3977 1190 4034 innota
1207 3969 1304 4034 octove
1321 3975 1357 4030 ad

219 4077 244 4132 4.
263 4077 355 4133 Nonas
384 4079 507 4135 Januarii
536 4093 599 4149 pag.
617 4077 642 4134 8.
691 4073 799 4136 Cloe.
829 4075 956 4148 Flcury:
983 4072 1115 4130 'Histoiro
1144 4071 1356 4140 ecelesiastique.

220 4171 298 4227 Paris
315 4173 391 4230 1691.
430 4174 506 4230 Tom.
522 4173 555 4228 II.
574 4173 692 4240 Libvl.
712 4179 774 4242 pag:
794 4172 852 4225 197.
888 4167 994 4224 Petrus
1015 4165 1168 4224 Anactes:
1185 4173 1187 4178 ’
1202 4168 1357 4237 Apparatus

219 4267 260 4322 ao
280 4268 390 4337 positiv.
416 4263 595 4350 Theologtim
622 4265 792 4325 methodicen
815 4261 983 4335 &robergae
1003 4263 1078 4320 lton
1112 4261 1189 4318 Tom.
1207 4263 1229 4316 Ι.
1245 4259 1305 4316 Lib.
1323 4257 1357 4314 V.

219 4377 282 4434 pag.
293 4363 360 4419 eet.
