2982 4928
739 221 777 286 lb

189 395 288 451 strare
311 395 443 448 conatus
467 391 529 462 est,
553 397 652 464 quum
674 381 803 446 omnino
826 380 1046 446 auctoritatem
1062 381 1331 468 Presbyterorum

188 495 248 560 IV.
265 493 384 560 saeculi
399 515 592 579 magnopere
607 491 787 558 concidisse
803 491 936 558 diceret:
961 491 1102 577 „Nemo,
1125 494 1238 578 inquit,
1260 504 1328 560 tam

185 608 268 674 seris
283 606 447 672 Ecclesiae
469 605 667 691 temporibus
690 653 821 670 ......
844 604 1084 691 Presbyterium
1106 614 1156 670 tot
1177 604 1328 673 laudibus

189 719 398 801 cumulasset,
430 727 519 782 tanta
549 717 735 782 auctoritate
766 723 922 781 armasset
953 718 1064 801 (quam
1097 716 1130 783 S.
1153 718 1328 807 Ignatius),

189 837 279 918 eujus
310 839 452 917 potestas
483 853 521 894 ea
548 838 737 913 tempestate
764 829 799 915 (i.
822 853 849 892 e.
873 827 932 893 IV.
956 829 1099 916 saeculo)
1126 833 1221 896 etiam
1247 833 1327 898 Ale-

188 944 354 1025 xandriae,
392 941 448 1006 ubi
485 941 622 1005 maxime
653 941 816 1024 floruerat,
852 949 1025 1025 tantopere,
1050 943 1217 1010 imminuta
1247 954 1327 1012 est.“

190 1058 341 1122 Attamen
363 1062 498 1137 utraque
521 1052 678 1119 sententia
699 1053 808 1118 multis
831 1053 964 1118 Patrnm
987 1064 1093 1138 potest
1115 1057 1213 1120 everti
1235 1060 1327 1122 testi-

189 1169 303 1232 moniis
338 1190 377 1231 ex
410 1166 527 1250 quibus
558 1175 647 1251 patet
676 1164 736 1230 IV.
759 1163 888 1230 saeculo
914 1166 1118 1253 presbyteros
1146 1170 1271 1254 magnis
1294 1172 1327 1236 in

190 1279 362 1345 honoribus
393 1278 520 1344 habitos
552 1301 622 1344 esse
656 1287 688 1341 et
714 1277 746 1340 in
770 1275 894 1364 jndicio
921 1277 1142 1363 episcoporum
1165 1279 1328 1368 adjutores

189 1393 298 1458 fuisse.
345 1391 578 1478 Chryeoatomus
599 1389 655 1454 lib.
670 1388 733 1458 III.
753 1387 793 1454 de
809 1387 1008 1456 Sacerdotib.
1024 1413 1093 1476 cap.
1108 1391 1187 1456 XV.
1204 1394 1329 1460 scribit:

191 1509 266 1588 „Ele
287 1505 386 1570 πολλοὶ
409 1508 562 1587 σχῐξονταο
583 1512 658 1590 μέρη
679 1508 730 1568 καλ
756 1502 822 1568 οὔτε
854 1501 931 1588 πρὸς
962 1505 1126 1585 ἀλλήλους,
1157 1505 1223 1570 οὔτε
1253 1507 1331 1592 πρὸς

190 1618 278 1684 αὐτὸν
299 1617 349 1682 τὸν
370 1617 503 1699 inportu
525 1615 577 1697 vir
599 1615 783 1695 ἐποσκοπῆν,
814 1613 845 1678 τὸ
868 1618 928 1679 τοῖν
949 1620 1157 1701 πρεσβυτέρων
1178 1619 1331 1704 συνέδριον

189 1733 416 1812 ὁμογνωμονοῦν
438 1729 498 1792 ἴδον
520 1754 564 1804 τις
586 1727 652 1792 iiv.“
696 1727 845 1813 Syncer'ua
868 1749 916 1812 ep.
932 1725 1077 1791 LXVII.
1105 1725 1146 1791 ad
1167 1727 1330 1816 Theophi-

189 1843 269 1905 lum:
295 1844 450 1921 „meran
472 1839 586 1921 inquit,
608 1844 777 1903 τοίνυνκαὶ
800 1845 831 1902 ἐν
854 1841 998 1928 συνεδρίῳ
1020 1840 1104 1925 παρὰ
1126 1843 1187 1904 τοῖν
1201 1847 1331 1926 πρεσβυ-

190 1956 311 2040 τέρων.“
356 1949 464 2014 Etiam
488 1945 641 2035 Carthag.
664 1946 789 2016 Concil.
804 1948 864 2013 IV.
888 1972 955 2014 can.
972 1952 1015 2016 35
1036 1952 1205 2035 praecipit:
1229 1952 1330 2038 „Epi-

191 2086 309 2147 scopus
336 2063 368 2126 iu
396 2082 550 2126 concessu
577 2060 841 2148 Presbyterornm
868 2060 1007 2126 sedeat.“
1061 2065 1270 2150 Hieronymus
1297 2065 1330 2129 in

189 2176 308 2261 Isajam
331 2174 423 2240 dicit:
452 2173 516 2256 „Et
537 2195 595 2238 nos
618 2172 772 2238 habemus
795 2173 827 2238 in
851 2174 986 2239 ecclesia
1008 2186 1152 2240 senatum
1175 2186 1326 2259 nostrum,

190 2299 315 2352 coetum
340 2287 627 2372 presbyterorum:“
677 2285 843 2351 Habemus
871 2285 965 2350 etiam
988 2286 1021 2350 in
1043 2288 1201 2352 sententia
1222 2297 1325 2354 nostra

190 2401 329 2484 optimos
356 2408 502 2464 auctores
529 2405 692 2482 testesque
720 2397 895 2484 locupletes
924 2397 956 2462 in
982 2400 1100 2464 Jacobo
1123 2401 1259 2470 Boileau
1274 2401 1328 2488 ⁴²),

190 2514 223 2577 in
238 2514 416 2600 Binylzamo
433 2511 478 2598 48)
500 2510 610 2597 Anglo
633 2520 664 2576 et
686 2510 757 2576 aliis
780 2510 989 2597 scriptoribus
1003 2510 1058 2598 ⁴⁹).
1103 2510 1205 2576 Nullo
1227 2495 1331 2599 egitur
1404 2505 1405 2508 ¹

186 2629 258 2710 jure
285 2625 346 2690 hoo
377 2624 506 2710 negavit
532 2623 691 2688 Bonachi:
723 2647 822 2708 quum
854 2624 938 2689 enim
971 2625 1101 2689 omnino
1134 2601 1330 2713 presbyteris

191 2736 285 2801 simul
308 2761 381 2800 oum
404 2737 567 2822 Episcopo
591 2735 779 2802 consulendi
801 2745 833 2800 et
855 2735 1023 2820 judicandi
1050 2737 1184 2801 facultas
1211 2739 1332 2803 tributa

191 2859 267 2928 erat,
290 2849 322 2911 in
345 2872 378 2910 re
401 2847 481 2910 tanti
504 2848 666 2928 momenti,
689 2857 725 2910 ut
747 2855 814 2910 erat
833 2848 966 2930 virginis
982 2858 1149 2911 accusatae
1160 2847 1330 2931 judicium,

191 2957 312 3022 exclusi
335 2957 412 3020 certi
435 2979 498 3020 nou
521 2966 619 3020 erant.

196 3171 401 3186 ..ῆι-

263 3267 295 3334 ⁴⁷)
314 3265 477 3318 Dissertatio
501 3265 536 3323 de
558 3264 669 3344 antIquo
691 3261 910 3332 presbyterorum
925 3260 987 3330 jure
1005 3261 1033 3316 in
1051 3262 1182 3332 regimine
1200 3262 1331 3318 ecclesiae

190 3360 300 3414 Taurini
320 3360 397 3422 1678.
434 3359 472 3414 8⁰.

262 3457 295 3525 ⁴⁸)
313 3451 425 3527 Josepb
435 3449 587 3525 Binpbarn
598 3451 657 3505 Lib.
670 3451 703 3505 ΙΙ.
717 3466 775 3519 cap.
788 3449 862 3504 XIX.
876 3457 899 3516 5.
913 3447 935 3509 i.
954 3467 1017 3522 pag.
1030 3453 1081 3510 483
1099 3453 1127 3507 In
1145 3470 1189 3522 op.
1200 3453 1332 3521 Origenes

191 3567 239 3604 seu
257 3550 446 3620 AntIquitates
461 3546 673 3615 ecclesiastIcae,
692 3544 855 3600 Grisohovio
873 3537 1019 3618 interprete
1037 3547 1080 3604 cd.
1098 3547 1227 3602 Halleusi.

263 3645 296 3715 ⁴⁹)
316 3644 402 3710 Quam
414 3642 483 3698 falsa
495 3646 584 3696 antem
597 3639 707 3694 omnino
720 3639 858 3696 Pearsonii
873 3643 909 3698 sit
926 3643 1027 3713 opinio,
1041 3645 1099 3714 jam
1118 3659 1152 3696 ex
1170 3657 1203 3697 ea
1220 3643 1331 3696 circum-

192 3739 291 3793 stantia
308 3743 395 3808 patet,
414 3737 478 3806 quia
495 3734 651 3805 Presbyteri
670 3736 758 3805 quarti
777 3741 805 3792 et
822 3737 908 3806 quinti
927 3738 1027 3792 saeculi
1046 3753 1098 3792 una
1117 3753 1177 3792 cum
1195 3737 1333 3806 episcopie
1432 3731 1440 3740 '

191 3832 359 3888 sessionibus
385 3832 532 3885 intererant
559 3835 587 3883 et
612 3830 689 3890 vocis
715 3830 851 3888 habebant
877 3836 1052 3908 potestatem,
1079 3831 1153 3900 quod
1176 3847 1210 3886 ex
1233 3831 1331 3902 Syricii

191 3945 233 3996 ep.
247 3927 280 3982 II.
304 3927 340 3980 ad
363 3925 505 3980 ecelesiam
522 3924 750 3980 Mediolanensem
769 3927 855 3994 (Tom.
869 3927 902 3980 ΙΙ.
921 3926 1023 3980 Oouoil.
1042 3941 1104 3994 pag.
1120 3927 1209 3996 1024),
1236 3942 1270 3981 er
1288 3942 1330 3993 ep.

192 4021 286 4076 LVIII.
305 4035 367 4089 pag.
383 4019 431 4072 199
455 4019 508 4086 (ed.
526 4019 611 4072 Paris.
629 4035 692 4089 pag.
705 4021 779 4089 203),
802 4037 836 4075 ex
859 4037 900 4088 ep.
914 4019 996 4076 LVII.
1021 4036 1083 4089 pag.
1098 4021 1148 4073 190
1170 4020 1223 4087 (ed.
1247 4019 1330 4074 Paris.

191 4131 253 4184 pag.
267 4115 329 4182 201)
356 4118 407 4167 etc.
434 4113 535 4182 elucet3
563 4111 596 4167 of.
615 4111 833 4170 Bellorrninnm
857 4115 891 4167 de
910 4114 1012 4167 Concil.
1031 4114 1089 4169 Lib.
1106 4115 1125 4168 Ι.
1145 4131 1203 4183 cap.
1220 4113 1281 4169 XV.
1303 4114 1331 4166 iu

191 4209 254 4264 adit.
282 4225 327 4277 op.
346 4209 502 4282 Coloniensi
529 4226 553 4264 a.
574 4209 647 4264 1619.
677 4207 722 4262 fol.
750 4207 952 4280 Binpbamum
975 4208 992 4268 l.
1012 4223 1034 4262 c.
1054 4214 1077 4272 5.
1093 4213 1132 4264 II.
1151 4225 1214 4277 pag.
1227 4209 1278 4261 493
1291 4223 1330 4276 sq.

192 4311 215 4370 5.
230 4307 270 4359 12.
288 4319 352 4374 pag.
365 4305 425 4360 495.
