3012 4936
721 217 755 280 17

166 405 292 468 cunque
314 379 432 445 habere
453 375 580 462 possint
599 374 750 440 valorem.
774 413 814 422 -
860 373 968 456 ann
987 378 1054 461 jam
1077 374 1250 440 aBaronio
1273 383 1305 440 et

167 494 324 582 Ughello,
351 489 469 575 quibus
497 486 551 560 alii
577 485 709 550 minoris
737 487 891 550 momenti
911 484 1127 550 acclamarunt
1148 495 1304 569 auctores,

168 607 301 674 dubium
329 602 486 688 prolatum
505 600 570 681 sit,
601 598 758 663 fuerintne
781 597 845 663 duo
859 597 1012 663 *Zenones
1036 599 1179 684 episcopi
1200 597 1305 663 Varo·

167 739 298 798 nenses,
320 739 360 779 an
382 736 465 790 unus
487 719 625 793 tantum,
646 710 785 796 primum
808 710 920 795 paucis
936 708 977 774 de
993 709 1108 792 causis,
1133 732 1215 794 quae
1231 710 1305 774 huic

169 828 311 917 opinioni
340 825 488 890 favebant
518 834 550 888 et
581 823 621 888 de
647 822 843 905 rationibus,
884 845 965 906 quae
1006 822 1187 907 opinionem
1225 822 1307 886 hanc

170 947 327 1020 evertunt,
350 936 445 1002 nobis
466 945 516 1000 est
537 934 724 1016 dicendum,
746 943 814 998 tum
833 932 1233 999 etiam-demonstrandum
1248 944 1307 1016 est,

168 1062 321 1118 tractatus
351 1049 413 1114 sub
447 1048 575 1140 nomine
608 1047 746 1110 Zenonis
779 1044 898 1127 editos,
936 1046 1074 1131 genuina
1110 1069 1180 1110 esse
1213 1046 1307 1132 hujus

167 1166 229 1230 viri
251 1186 357 1249 opera.

643 1432 785 1517 suunt
815 1435 838 1518 Ι.

171 1589 267 1648 UNUS
293 1586 445 1643 TANTUM
471 1584 555 1640 FUIT
581 1585 686 1655 ZENO‚
715 1585 909 1640 EPISCOPUS
935 1585 1174 1656 vulturariam,
1203 1585 1309 1652 ISQUE

342 1679 592 1734 TRAUI'ATUUM
617 1680 654 1732 ΕΙ
680 1679 964 1760 ΑΊὝΒΙΒΗΤΟΒΗΜ
989 1679 1143 1760 AUCTOR.

273 1829 441 1894 Tractatus
461 1827 524 1914 ipsi
539 1826 715 1890 Zenoniani
737 1825 792 1890 diu
816 1826 944 1908 occulti,
967 1827 1170 1913 paucissimis
1186 1837 1311 1896 tantum

171 1941 381 2027 scriptoribus
404 1949 478 2004 ante
499 1937 659 2004 decimum
686 1947 813 2003 sextum
844 1936 1007 2002 saeculum
1038 1939 1121 2023 noti,
1152 1940 1311 2026 permulta

171 2053 349 2135 continent,
372 2074 454 2135 quae
476 2050 676 2136 apertissime
698 2049 856 2128 indicant,
878 2059 1040 2116 auctorem
1064 2074 1174 2118 eorum
1197 2061 1310 2136 quarto

171 2164 301 2230 saeculo
323 2163 456 2230 vixisse:
479 2185 578 2248 quum
600 2171 706 2228 tamen
728 2163 761 2225 in
784 2161 911 2226 silentio
933 2173 1210 2228 monumentorum
1232 2165 1310 2228 nihil

172 2277 252 2353 certi
278 2299 297 2340 a
327 2275 431 2361 primo
462 2297 644 2340 sermonum
677 2272 798 2338 editore
832 2274 966 2359 proferri
997 2275 1120 2360 potuit,
1153 2275 1311 2342 secundae

172 2398 278 2452 autem
305 2386 455 2452 editionis
483 2395 646 2451 curatores
669 2386 791 2450 Peretti
812 2393 843 2449 et
865 2385 1004 2470 Bagatta
1036 2386 1069 2450 in
1102 2386 1312 2473 Prolegome-

174 2499 224 2562 nis
257 2508 289 2562 et
319 2499 351 2562 in
383 2521 479 2582 opere
508 2497 663 2560 historico
691 2494 731 2559 de
753 2496 925 2580 Episcopis
951 2493 1192 2564 Veronensibus
1218 2499 1312 2564 tertio

173 2608 303 2674 saeculo
318 2609 479 2673 Zenonem
496 2607 642 2670 floruisse
657 2607 851 2687 asserebant,
867 2604 954 2688 quod
970 2629 1010 2670 ex
1023 2605 1194 2672 traditione
1210 2609 1311 2675 eccle-

175 2720 241 2786 siae
263 2703 459 2786 Veronensis
483 2727 514 2782 et
539 2714 699 2782 nonnullis
726 2718 940 2780 monumentis
968 2719 1155 2786 confirmare
1180 2719 1311 2786 studue-

173 2841 261 2915 runt,
295 2832 424 2896 attentis
447 2838 479 2895 et
501 2829 533 2892 in
565 2827 698 2892 historia
729 2826 945 2893 ecclesiastica
975 2830 1109 2895 versatis
1139 2831 1313 2898 lectoribus

173 2967 238 3009 non
263 2966 395 3029 parvam
427 2949 666 3028 proposuerunt
695 2939 935 3018 difficultatem
969 2942 1138 3006 unaenim
1162 2953 1314 3030 exparte

160 3055 332 3122 'editorum
355 3064 555 3140 argumenta,
580 3075 661 3137 quae
685 3052 762 3115 satis
782 3052 876 3116 firma
898 3075 968 3116 esse
989 3052 1188 3138 viderentur,
1211 3055 1314 3124 Zeno-

176 3188 249 3228 nem
277 3165 372 3230 tertio
406 3166 534 3232 saeculo
565 3163 686 3230 vixisse
718 3162 993 3246 demonstrabant,
1025 3165 1087 3230 alia
1109 3177 1260 3253 exparte
1282 3167 1315 3231 in

177 3274 256 3360 ipsis
279 3275 479 3341 sermonibus
501 3300 566 3340 non
587 3291 691 3362 pauca
713 3275 928 3357 continentur,
953 3296 1035 3360 quae
1057 3287 1171 3361 quarto
1191 3287 1315 3347 tantum

177 3385 305 3452 saeculo
328 3385 449 3471 scripta
471 3409 541 3451 csse
563 3396 707 3472 possunt.
756 3385 865 3472 Hujus
896 3388 942 3450 rei
973 3410 1070 3454 causa
1100 3390 1191 3454 multi
1222 3390 1316 3475 plane
1346 3408 1351 3414 ·

177 3497 399 3581 supposititios
415 3520 485 3563 esse
500 3505 653 3562 tractatus
669 3498 852 3562 Zenoniano
874 3497 1033 3582 dixerunt,
1056 3500 1110 3563 alii
1131 3499 1173 3564 de
1195 3499 1317 3586 epocha

179 3609 315 3674 Zenonis
342 3609 514 3676 concordia
540 3610 691 3696 conjungi
719 3633 782 3674 non
808 3619 970 3695 poterant,
998 3609 1052 3674 alii
1072 3609 1207 3685 taudem
1234 3611 1315 3676 duos

179 3719 322 3786 Zenones
344 3721 447 3808 accipi
469 3731 653 3792 suaserunt:
676 3721 809 3786 alterum
833 3745 958 3804 eorum,
981 3720 1022 3786 de
1044 3743 1109 3805 quo
1131 3720 1262 3786 uaditio
1283 3733 1317 3786 et

179 3831 330 3896 nonnulla
351 3832 521 3917 loquantur
543 3845 758 3917 monumenta,
781 3843 952 3920 martyrem
972 3833 1058 3898 tertii
1071 3833 1191 3899 ¹saeculi
1206 3833 1316 3916 fuisse,

179 3939 313 4006 alterum
335 3954 449 4026 quarto
471 3944 601 4010 saeculo
620 3945 750 4026 vixisse,
772 3946 936 4028 fuisseque
950 3945 1110 4009 variorum
1124 3953 1316 4010 tractatuum

178 4061 350 4118 auctorem.
394 4055 532 4140 Primus,
555 4056 612 4140 qui
633 4056 717 4120 hanc
733 4059 947 4142 conjecturam
963 4056 1049 4138 fecit,
1072 4057 1231 4121 Beronius
1247 4057 1317 4138 fnit„

177 4165 210 4228 in
226 4164 310 4229 notis
326 4165 393 4230 suis
408 4165 449 4230 ad
465 4167 735 4254 Martyrologium
752 4167 932 4233 Romanum
943 4170 1038 4254 jussu
1054 4166 1204 4253 Gregorii
1219 4167 1317 4236 XIII.

177 4274 298 4340 editum
330 4278 380 4362 (iu
399 4276 476 4341 edit.
500 4277 677 4344 Venetisnu
699 4302 726 4343 a.
753 4281 834 4344 1597
858 4302 931 4363 pag.
952 4280 1042 4364 162);
1080 4279 1193 4344 scribit
1219 4279 1318 4342 enim:

218 4398 366 4466 iniciemus,
379 4415 448 4455 zeno.
1092 4389 1111 4448 2
