3012 4936
769 257 809 327 tr

319 418 450 486 Praeter
471 417 533 484 hoc
554 416 721 484 Ambrosii
742 417 976 503 testimoninm,
1006 420 1094 508 qnod
1117 420 1186 488 sine
1207 419 1281 490 ullo
1309 420 1380 487 du-

215 531 269 596 bio
284 532 509 618 gravissimum
525 541 584 616 est,
605 542 697 597 vetus
713 544 953 598 monumentum
969 531 1114 602 ordinem
1134 534 1380 622 episcoporum

215 642 449 712 veronensium
472 645 637 712 continens
660 642 927 710 considerandum
951 645 1043 712 nobis
1066 654 1130 729 est,
1152 669 1171 712 a
1193 669 1258 730 quc
1276 647 1380 732 opti-

214 780 302 824 mum
325 757 577 824 Ambrosianum
599 756 818 824 testimonium
841 757 977 843 accipiet
999 755 1239 824 adminiculum.
1261 797 1315 808 --
1361 805 1364 808 -

741 1001 746 1010 .
768 1029 775 1046 ¹
794 982 825 1047 4.
885 996 888 1005 ι

215 1095 295 1158 creo
303 1096 522 1174 Episcoporum
536 983 795 1172 Veronensiumloe
805 1097 929 1172 antiquo
939 1098 1086 1175 Rhytbmo
1103 1103 1230 1175 tempore
1240 1099 1373 1175 Ft’pr'ui,

370 1266 377 1293 s
416 1190 521 1252 Oaroti
538 1192 647 1268 Mopsi
664 1190 737 1266 filii,
757 1192 921 1269 conscripto
939 1194 1154 1256 mrrsidcrotur.

318 1332 410 1400 Ordo
432 1335 655 1424 episcoporum
669 1333 903 1400 Veronensinm
929 1355 1030 1420 usque
1052 1334 1093 1402 ad
1115 1335 1278 1400 Zenonem
1302 1359 1371 1402 va-

213 1447 260 1512 rie
276 1446 405 1513 crariis
432 1447 643 1543 scriptoribus
665 1446 866 1535 designatur:
888 1469 1019 1513 neccsse
1034 1456 1083 1512 est
1096 1447 1194 1535 igitur
1216 1447 1370 1533 decerni,

213 1559 338 1624 cuinam
361 1559 489 1626 illorum
511 1560 659 1627 ordinum
683 1559 821 1626 maxime
844 1560 997 1626 historica
1018 1561 1135 1626 veritus
1157 1561 1271 1628 faveat.
1302 1561 1369 1627 De
1476 1563 1477 1566 ’

212 1671 453 1738 Veronensibus
470 1673 630 1760 episcopis
646 1673 796 1760 permulti
819 1672 1015 1759 scripserunt
1037 1681 1193 1756 auctores,
1217 1693 1365 1757 qnorum

212 1782 356 1848 nonnulli
387 1794 511 1849 tuntum
543 1785 683 1850 notiores
714 1808 733 1849 a
760 1785 852 1850 nobis
875 1793 950 1849 sunt
971 1784 1172 1850 nominandi:
1215 1786 1364 1853 Joounes

212 1897 390 1976 Dioscuus,
422 1899 615 1962 Fucucs‘scus
650 1895 768 1977 Curua,
803 1898 949 1984 chlcel
982 1897 1123 1986 Boputtc
1150 1905 1181 1962 ct
1202 1897 1361 1985 Baptista

211 2009 331 2076 Perettt‘
353 2010 413 2095 ὅ0),
442 2012 636 2093 Pouuiuius,
663 2011 804 2076 Tcrellus
825 2009 982 2093 Sarsina,
1005 1987 1214 2097 Hieronymus
1236 2007 1357 2087 Ourtes,

218 2123 378 2208 Uplrcllus,
416 2122 584 2211 Moffejus,
603 2115 810 2207 1Βαίἱενὶπιῖ,
848 2123 1047 2202 Bioucolt'us‘,
1085 2121 1181 2187 etiarn
1218 2123 1355 2190 Flauius

210 2235 374 2317 Blouclue,
405 2233 528 2315 Coruus,
556 2234 697 2313 Merula,
731 2235 980 2326 Vollopcrrurtus,
1008 2235 1167 2315 Leander,
1193 2225 1345 2323 Sipous'us,

210 2347 360 2427 Bombos,
393 2350 508 2412 Petrus
530 2347 751 2427 Justiue'onus,
782 2331 920 2413 Jodocu's
941 2347 1056 2428 Huud,
1079 2347 1164 2413 Phil.
1188 2343 1351 2414 Cluverius

210 2466 243 2524 et
265 2458 329 2524 alii.
372 2454 461 2525 Inter
483 2458 543 2524 hos
566 2459 737 2547 scriptores
761 2459 866 2538 variae
889 2467 963 2550 sunt
985 2457 1025 2526 de
1048 2457 1159 2526 ordine
1183 2459 1352 2547 episcopo-

209 2595 280 2638 rum
295 2571 531 2640 Veronensium
554 2572 735 2660 opiniones,
759 2595 869 2644 ornnes
892 2581 998 2640 autem
1021 2571 1206 2661 (perpaucis
1228 2581 1353 2638 tantum

210 2685 368 2774 exceptis)
400 2687 433 2751 in
460 2711 498 2754 eo
526 2687 742 2769 consentiunt,
775 2686 975 2775 Euprepium
1006 2687 1159 2774 primurn,
1191 2685 1353 2750 Zenonem

209 2807 358 2862 octavum
380 2799 480 2864 fuisse
503 2799 690 2885 episcopum
712 2797 942 2871 Veronensum.

297 2907 364 2972 'De
390 2907 588 2993 interpositis
615 2918 722 2973 autem
749 2910 909 2994 episcopis
937 2908 1025 2973 nullo
1052 2905 1149 2970 niodo
1181 2903 1353 2968 concordia
1430 2975 1433 2980 ,

208 3017 379 3108 scriptores
408 3018 558 3105 conjungi
586 2991 731 3106 possunt.
775 3021 955 3109 Pousinius
981 3014 1219 3098 Antiquitatum
1246 3009 1349 3075 Vero·

207 3130 353 3195 censium
375 3149 449 3218 pag.
467 3131 538 3206 107,
561 3129 635 3196 Lib.
651 3127 746 3195 VIII.
768 3129 864 3201 talem
887 3125 983 3204 habet
1005 3124 1133 3191 seriem:
1155 3121 1349 3210 Euprepius,

208 3219 375 3328 Oricinus,
408 3243 576 3330 Agapius,
610 3241 783 3324 Proculus,
818 3236 1022 3321 Saturninus,
1049 3236 1215 3320 Lucillus,
1242 3235 1348 3301 Dimi-

208 3353 354 3438 drianns‚
383 3355 482 3425 Zeno.
504 3395 545 3404 -
596 3354 756 3444 Uplrellus,
775 3330 839 3438 'qui
868 3347 949 3416 duos
972 3349 1118 3416 Zenones
1144 3349 1244 3417 fuisse
1270 3347 1349 3414 false

206 3459 353 3554 putabat,
366 3457 580 3556 “singularem
606 3463 757 3554 proponit
783 3464 910 3531 seriem:
957 3461 1155 3550 Euprepius,
1167 3457 1174 3470 ⁸
1188 3455 1348 3544 Oricinus,

205 3574 369 3666 Agapius,
400 3577 627 3662 Gaudentius,
664 3577 874 3660 Saturninus,
911 3574 1072 3660 Lucilius,
1110 3572 1348 3656 Diomidiauus,

205 3691 293 3755 Zeno
317 3692 479 3780 (Mar'tyr,
506 3691 547 3757 de
570 3713 634 3776 quo
657 3687 789 3774 antiqua
811 3699 1016 3755 monumenta
1037 3686 1242 3772 loquuntur),
1268 3685 1348 3750 Pro-

206 3802 312 3888 culus,
354 3804 505 3886 Maurus,
546 3803 706 3887 JoanneS,
743 3801 894 3887 Procius,
932 3799 1136 3882 Theodorus,
1163 3795 1347 3880 Innocens,

205 3915 394 4002 Lupicinus,
417 3913 574 4001 Lucidus,
596 3915 684 4010 Zeno
700 3913 744 3980 11.
763 3915 808 4003 Μ)
832 3913 888 4002 (de
904 3935 968 4000 quo
984 3909 1177 3977 Ambrosius
1200 3909 1232 3974 in
1256 3908 1347 3998 epistr

213 4087 417 4108 ψ

177 4205 179 4211 ·
275 4178 309 4249 ⁵⁹)
328 4171 492 4248 Fragmenta
509 4177 660 4235 instorialia
682 4186 835 4236 sanctcmm
853 4179 1050 4248 Episcopcmm
1070 4181 1098 4231 et
1109 4175 1222 4233 niumm
1236 4169 1349 4235 Sancto}

203 4289 262 4330 rum
280 4275 477 4331 veronensium
494 4275 705 4332 Venetiislu‘tfi
723 4290 757 4329 ex
775 4271 959 4345 typographis
976 4273 1062 4327 Andr.
1080 4271 1220 4328 Boecbini.
1297 4291 1300 4304 ‚

276 4371 308 4440 ⁶⁰)
326 4371 403 4426 Tom.
415 4371 449 4427 V.
467 4387 530 4442 pag.
544 4372 608 4426 693:
634 4369 737 4442 „Hujus
754 4368 900 4424 creduntur
917 4383 978 4424 esse
995 4379 1146 4438 sermones,-
1165 4367 1211 4436 qui
1229 4365 1281 4424 sub
1298 4381 1345 4422 no·
