3012 4936
689 225 729 293 33

132 395 234 461 etiam
249 387 391 474 repetitis
405 385 636 471 locutionibus,
661 387 778 472 quibus
798 388 863 452 vim
879 387 1040 474 quandam
1055 399 1163 477 aperte
1178 415 1277 480 appo·

132 529 213 573 nere
232 503 348 584 voluit,
375 523 457 584 quae
482 499 675 565 contrarium
700 500 882 585 exprimunt
901 501 1072 588 impiorum
1087 503 1159 568 Arii
1176 509 1277 591 jacta·

132 619 278 697 tionum,
305 612 457 698 cognosci
483 619 604 697 potest,
631 609 792 677 Zenonem
816 611 901 678 hunc
919 613 1114 682 haereticum
1133 618 1166 682 in
1186 619 1279 685 oculo

133 728 312 794 habuisset,
335 724 447 808 „Erat,
468 723 548 789 dicit
561 721 635 788 Lib.
651 723 695 788 Π.
716 723 821 816 Tract.
837 725 899 790 ΠΙ.
915 749 989 813 pag.
1007 730 1083 811 143,
1109 740 1278 816 antequam

135 843 356 920 nasceretur,“
392 860 491 920 quum
520 836 634 901 Ariani
664 835 819 900 dicerent:
866 838 963 920 „Non
993 849 1073 924 erat,
1109 851 1279 927 antequam

136 955 356 1032 nasceretur,“
387 958 498 1014 contra
527 971 609 1034 quos
640 949 736 1014 etiam
766 948 912 1014 Hilarius
942 950 976 1014 in
1005 951 1142 1016 XXXI.
1161 953 1279 1020 Matth.

134 1091 166 1132 n.
188 1068 219 1131 3.
246 1063 370 1129 scribit:
406 1062 549 1144 „Pae-nes
580 1083 675 1146 quem
705 1071 786 1145 erat,
809 1072 980 1147 antequam
1007 1071 1220 1131 nasceretur.“
1236 1105 1277 1116 -—

132 1178 209 1243 Lib.
230 1176 276 1241 Π.
305 1199 336 1253 u.
359 1177 387 1240 1.
417 1197 491 1260 pag.
514 1175 575 1240 135
605 1172 757 1259 legimns:
789 1174 958 1255 „Carnalia
988 1176 1103 1242 mentis
1133 1177 1278 1244 homines

133 1287 324 1356 scandalum
348 1287 526 1372 patiuntur,
556 1309 619 1350 non
644 1285 752 1350 studio
776 1283 971 1369 noscendae,
998 1287 1056 1354 sed
1079 1289 1278 1356 frustrandae

133 1400 295 1482 veritatis,
327 1399 475 1483 quotiens
496 1398 602 1480 Deus,
632 1397 697 1462 Dei
717 1397 834 1479 Filius,
862 1397 918 1481 qui
937 1398 1043 1464 Patris
1067 1401 1207 1468 maxima
1230 1413 1279 1467 est

134 1512 240 1598 gloria
263 1510 406 1595 aequalis
431 1510 520 1574 Patri
544 1533 564 1574 a
583 1505 760 1576 Catholicis
785 1507 996 1594 praedicatur.
1010 1505 1015 1514 ’
1030 1511 1180 1596 Denique
1203 1513 1278 1579 inde

134 1635 200 1708 est,
227 1622 315 1707 quod
338 1622 420 1708 legis
447 1621 654 1686 fundamenta
679 1629 872 1703 temnentes,
896 1629 1025 1687 versuta
1051 1623 1277 1709 disputatione,

134 1735 360 1824 praetermisso
381 1733 454 1798 Deo
475 1732 515 1798 de
534 1733 607 1797 Deo
628 1742 777 1816 exeunte,
801 1731 842 1797 ad
867 1735 1049 1799 communia
1071 1736 1277 1802 humanitatis

133 1849 278 1931 nomina,
294 1849 385 1931 ‘quae
408 1853 545 1930 possunt
564 1845 759 1930 argumentis
780 1845 894 1932 attingi
913 1846 1019 1911 Patris
1040 1857 1072 1911 et
1089 1847 1165 1912 Filii
1187 1850 1276 1914 festi-

134 1966 242 2024 nant.“
299 1955 399 2039 Quod
427 1957 566 2022 maxime
596 1958 721 2023 crimini
751 1957 887 2023 dabatur
916 1957 1117 2043 haeresibus,
1152 1985 1206 2026 eas
1237 1985 1277 2026 ex

136 2069 341 2158 philosophia
377 2069 553 2155 sumpsisse
586 2059 686 2136 suos'
695 2094 816 2135 errores
822 2121 831 2155 ,
868 2071 900 2134 in
932 2071 1070 2137 Arianos
1098 2073 1276 2157 justissime

134 2185 214 2250 verti
241 2183 365 2270 potuit,
393 2205 467 2246 nam
494 2182 518 2245 ii
544 2182 675 2266 quidem
698 2205 900 2268 summopere
922 2181 955 2246 in
978 2182 1122 2249 obscuris
1146 2193 1178 2248 et
1199 2209 1275 2250 con-

133 2295 230 2362 textis
253 2295 399 2360 formulis
423 2317 498 2361 suas
522 2294 687 2380 opiniones
709 2304 933 2382 proponentes,
957 2305 1086 2360 versuta
1107 2297 1277 2362 utebantur

133 2410 364 2498 disputatione,
403 2430 501 2491 quare
539 2406 635 2472 etiam
672 2407 735 2471 alio
771 2408 843 2473 loco
882 2407 970 2493 (Lib.
999 2407 1026 2472 I.
1063 2408 1171 2474 Tracta
1197 2409 1274 2481 VH.

134 2544 207 2608 pag.
223 2521 281 2604 65)
307 2517 524 2602 Philosophus
551 2517 640 2582 Zeno
668 2518 845 2604 vituperat,
878 2518 966 2602 quod
994 2519 1085 2600 „illas
1113 2522 1275 2588 scholares

135 2630 309 2698 calumnias
332 2628 397 2694 Dei
418 2651 522 2711 usque
551 2627 592 2692 ad
620 2628 788 2693 ecclesiam
814 2631 1089 2694 transmiserunt.“
1135 2631 1276 2720 Cprilloa

134 2745 375 2811 Alecaodra'auc
412 2739 565 2805 Thesaur.
601 2748 663 2823 λογ.
694 2747 753 2806 ΧΙ.
791 2740 878 2827 Opp.
915 2741 1006 2806 Tom.
1033 2741 1075 2806 V.
1112 2753 1201 2830 parte
1230 2744 1274 2810 H.

133 2880 203 2944 pag.
220 2856 271 2922 89.
294 2853 343 2919 ed.
366 2845 502 2918 huberti
525 2851 617 2917 Paris
642 2854 740 2920 1638:
786 2853 967 2941 „(Ariani),
996 2854 1051 2938 qui
1074 2855 1153 2919 nihil
1176 2857 1273 2941 aliud,

131 2968 249 3054 inquit,
282 2989 377 3050 quam
400 2963 609 3030 Aristotelem
636 2973 764 3029 ructant
790 2974 823 3030 et
848 2964 934 3030 illius
961 2965 1070 3051 potius
1093 2966 1273 3056 disciplina,

132 3105 227 3166 quam
250 3079 283 3146 S.
306 3078 544 3164 Scripturarum
568 3077 750 3164 cognitione
773 3100 843 3143 sese
862 3078 1030 3163 jactitant“
1055 3090 1149 3160 caet.;
1181 3081 1274 3167 plura

132 3193 202 3255 loca
227 3191 260 3254 in
288 3189 423 3255 eundem
451 3213 580 3258 sensum
610 3190 740 3276 collegit
765 3189 836 3254 Jos.
860 3190 988 3255 Fessler
1015 3191 1047 3254 iu
1074 3215 1133 3258 sua
1158 3191 1272 3258 Patro-

132 3300 217 3387 logia
239 3299 288 3365 ed.
312 3299 364 3363 cit.
388 3303 415 3385 ξ.
433 3303 504 3366 101.
527 3325 601 3388 pag.
617 3304 681 3368 332
698 3303 798 3366 .Tom.
811 3300 838 3364 I.
891 3300 930 3364 In
961 3302 1137 3394 Arianisrni
1169 3314 1271 3390 syste-

132 3424 213 3478 mate
235 3433 346 3478 rcvera
362 3389 460 3496 'plura
485 3411 704 3496 inveniuntur,
736 3435 819 3497 quae
843 3437 883 3476 ex
906 3411 1041 3481 Graecis
1063 3414 1271 3498 Philosophia

132 3526 244 3590 hausta
280 3532 370 3606 sunt,
409 3545 507 3606 quare
543 3534 628 3589 recte
665 3525 761 3589 etiam
798 3524 903 3611 potuit
938 3526 1134 3594 Athanasius
1171 3538 1271 3592 contr.

133 3636 241 3699 Arian.
255 3638 306 3719 16,
321 3634 381 3699 hos
398 3634 574 3700 haereticos
590 3637 800 3724 interrogare:
822 3639 873 3704 διὰ
888 3666 917 3705 τι
932 3627 970 3704 οὗ
980 3645 1030 3704 καὶ
1044 3645 1071 3703 ot
1083 3643 1223 3725 Ἄραανοὶ

134 3752 165 3811 orl
188 3753 428 3832 συναριθμοῦσιν
450 3747 570 3824 taarog
590 3748 666 3831 μετὰ
689 3755 748 3816 τῶν
762 3751 928 3830 Eiidem,
959 3750 1102 3837 καὶγὰρ,
1131 3753 1271 3833 κάκεῖνοι,

136 3963 337 3974 ——u-—u—

135 4079 232 4142 ὁυὶός,
260 4091 347 4149 φησιν,
378 4078 413 4134 ov’
436 4082 520 4142 μόνον
544 4082 593 4135 τᾶν
616 4087 721 4156 πατέρα
748 4078 864 4155 ιῖκριβαῖς
890 4079 924 4136 ov'
949 4083 1079 4150 γινώσκει,
1109 4085 1192 4138 λείπει
1217 4083 1270 4158 yoip

134 4171 206 4243 αὐτῷ
225 4177 263 4230 εἰς
284 4173 317 4226 τό
342 4179 507 4241 καταλαβεῖν
531 4173 599 4230 oillei
624 4181 668 4230 nal
691 4174 775 4236 αὗτός
800 4175 816 4231 o‘
839 4176 899 4234 υἱός
920 4175 1087 4248 ariolantur?
1105 4175 1200 4233 oriolum
1219 4177 1268 4234 oria

135 4261 196 4322 olda.
214 4301 244 4310 -

170 4376 317 4442 taioiewskr,
331 4392 399 4431 zano.
1044 4350 1061 4413 3
1140 4399 1144 4408 ·
