3012 4936
722 256 763 336 tl,

277 425 369 491 Haeo
400 433 494 509 sunt,
520 447 602 510 quae
633 432 744 488 contra
773 423 931 488 Bonaehii
957 417 1149 509 ¹argumenta
1183 423 1315 508 proferri

173 547 324 626 possunt,
356 537 411 622 qui
442 537 571 601 minime
602 535 635 600 in
661 536 826 624 tinexcap.
843 535 906 604 ΙΠ.
938 535 958 598 l.
975 557 1002 598 o.
1034 533 1164 620 gloriari
1198 537 1315 621 potuit:

176 647 390 737 „Conjectura
413 647 452 713 de
474 647 627 731 Zenonis,
656 648 711 732 qui
738 647 881 712 Indiciae
909 645 1089 728 benedixit,
1116 645 1316 733 Episcopatu

175 761 349 843 evanescit,
373 745 471 845 quum
493 783 597 844 neque
619 759 710 824 illum
732 759 931 846 Episcopum
947 757 1141 823 Ambrosius
1164 759 1315 842 nominet,

175 896 279 957 neque
301 896 339 936 ex
362 871 583 937 benedictione
605 870 749 936 Indiciae
776 875 844 958 ejus
872 871 1076 956 episcopatus
1104 870 1212 934 inferri
1241 894 1315 956 pos·

175 985 229 1063 sit3
263 1007 359 1068 quare
391 984 495 1049 omnis
528 983 671 1070 suspicio
698 982 804 1048 ablata
831 991 894 1065 est,
928 983 1089 1047 Zenonem
1112 981 1196 1046 hunc
1220 983 1318 1048 fuisse

174 1095 309 1162 erindem
333 1117 371 1160 ac
393 1094 640 1161 Sanctissimum
663 1093 810 1160 Veronae
832 1093 1021 1180 praesulem,
1047 1103 1083 1156 nt
1105 1094 1173 1158 sine
1197 1095 1318 1161 ratione

173 1231 337 1273 asseruere
371 1207 523 1293 Dupinus
555 1215 587 1271 et
617 1201 874 1285 Tillenrontius;“
907 1214 1017 1271 nostra
1048 1207 1131 1270 euim
1163 1208 1319 1272 sententia

173 1319 254 1385 nihil
282 1318 521 1384 demonstravit
565 1318 721 1384 Putamus
752 1326 857 1388 autem
889 1341 928 1382 ex
960 1317 1048 1382 hisce
1075 1319 1193 1382 nostris
1222 1343 1316 1404 argu-

175 1430 292 1496 mentis
305 1429 639 1511 eoutraBouaehium,
659 1451 717 1494 nos
734 1429 925 1494 contrarium
941 1428 1188 1512 demonstrasse,
1204 1454 1318 1516 nempe

176 1543 337 1608 Zenonem
354 1541 393 1606 ab
409 1540 584 1606 Ambrosio
601 1550 882 1606 commemoratum
900 1515 1086 1627 episcopum
1099 1541 1319 1610 Veronensem

175 1655 289 1732 fuisse}
318 1675 416 1736 quum
443 1661 549 1718 autern
577 1675 660 1718 rinus
687 1662 811 1720 tantum
838 1651 982 1738 ejusdem
1011 1653 1149 1718 norniuis
1171 1654 1319 1724 Veronae

173 1767 234 1832 fuit
262 1767 408 1847 antistes,
441 1765 530 1838 Zeno
558 1763 598 1830 ab
624 1763 812 1830 Ambrosiox
827 1763 1007 1832 nominatus
1034 1763 1120 1830 idem
1149 1775 1197 1831 est
1223 1776 1319 1850 atque

175 1888 297 1959 noster,
321 1877 361 1942 de
385 1899 448 1961 quo
471 1877 504 1940 in
527 1885 724 1941 tota-nostra
747 1873 969 1940 dissertatione
992 1877 1117 1962 agimus
1138 1878 1192 1965 ⁶⁸),
1223 1910 1229 1922 ·

177 2109 288 2179 Sappho
307 2109 409 2178 (puella
416 2109 535 2178 Lesbis),
554 2101 684 2178 Omphale
703 2107 803 2177 (puella
820 2109 924 2180 Lyda);
944 2109 982 2164 ita
999 2109 1109 2164 Tacitus
1127 2109 1155 2163 in
1172 2109 1320 2166 Annalium

176 2205 222 2263 lib.
235 2204 309 2260 XIV.
328 2203 366 2271 (in
379 2204 500 2258 editione
510 2201 709 2257 Amatolodami
722 2203 790 2258 1653
802 2203 994 2273 Janssoniana)
1012 2193 1075 2273 p‘ag.
1089 2205 1140 2258 292
1152 2203 1187 2258 rte
1200 2204 1319 2276 Octavia,

175 2299 291 2354 Neronis
309 2315 394 2354 uxore
411 2298 541 2368 loquitur:
582 2289 639 2366 „Aa
657 2297 748 2367 puella
766 2297 897 2354 vicesimo
916 2299 1013 2354 aetatis
1032 2313 1103 2352 anno
1200 2298 1321 2356 nondum

175 2400 266 2447 tamen
284 2399 370 2447 ritorto
388 2393 602 2462 acquiescebat.“
1149 2455 1152 2460 ¹

248 2486 282 2554 ⁵¹¹)
301 2487 381 2550 Quod
402 2490 492 2540 autem
514 2483 631 2555 quadam
655 2485 836 2540 familiaritate
861 2503 926 2540 usus
949 2493 991 2540 est
1008 2487 1171 2540 Ambrosius
1193 2503 1253 2541 curu
1272 2488 1320 2542 Ze·

177 2595 249 2633 none
267 2587 294 2632 et
312 2581 372 2650 ejus
389 2580 548 2646 praesertim
566 2580 605 2632 rei
624 2593 706 2633 causa
723 2585 778 2633 tam
796 2581 927 2648 breviter,
947 2585 977 2642 ut
995 2580 1029 2634 do
1047 2567 1189 2634 notissima
1202 2581 1321 2650 loquitur

177 2689 308 2743 persona,
327 2673 408 2728 certis
426 2672 588 2728 testimoniis
606 2673 775 2742 comprobari
794 2690 848 2728 non
867 2679 970 2742 potest,
988 2674 1037 2728 sed
1057 2690 1110 2728 nou
1129 2675 1320 2730 desuntetiam

177 2769 204 2822 in
224 2767 306 2821 hacce
325 2767 445 2835 renuti,
472 2766 518 2836 qui
545 2779 638 2822 eorum
665 2767 809 2834 amicitiam
837 2773 1005 2844 monstrant..
1032 2753 1207 2824 Bioacolr'iu'
1230 2769 1257 2824 in
1273 2786 1320 2840 op.

177 2878 227 2924 suo
250 2862 352 2932 pluries
376 2877 392 2915 a
414 2861 493 2916 nobis
517 2861 614 2916 citato:
648 2862 699 2916 Dei
718 2863 837 2918 Veseovi
856 2879 871 2916 e
891 2861 1070 2916 (lovematori
1089 2864 1135 2917 det
1149 2865 1270 2934 Verona,
1293 2865 1321 2918 in

176 2956 327 3024 appendice
354 2971 416 3025 pag.
437 2956 487 3009 179
513 2953 616 3024 profert
642 2972 677 3010 ex
699 2955 871 3036 miscellaneo
898 2957 1000 3027 scripto
1024 2955 1232 3013 aBonaom'uo
1261 2958 1321 3028 ,del

176 3053 345 3107 liuronuovo
372 3067 395 3105 a.
415 3043 489 3105 1429.
525 3051 737 3106 Indiziochll.
765 3067 781 3104 a
808 3051 858 3106 che
881 3052 903 3105 si
928 3040 1134 3132 consera'nella
1153 3053 1273 3108 Libreria
1291 3052 1320 3107 di

177 3143 272 3216 questa
289 3146 364 3200 nobil
383 3145 515 3215 Famiglia
533 3146 673 3215 Saibaute,
692 3146 853 3215 leggendosi
866 3131 961 3215 'questi
980 3147 1082 3211 rorate

200 3235 203 3242 '
395 3237 398 3242 '
469 3242 611 3292 „Ambrosius
625 3244 709 3282 Doctor
723 3241 798 3282 Sancti
812 3243 909 3282 Zenonis
923 3243 1026 3282 alumnus
1102 3252 1105 3260 ¹

470 3319 515 3358 Nos
528 3319 573 3358 alst
586 3323 609 3358 et
622 3321 677 3359 vitia
691 3319 789 3368 depellat
802 3319 901 3368 undique
915 3319 983 3360 dira.“

177 3405 265 3460 Etiam
292 3405 319 3460 S.
338 3385 520 3462 Reruardiniis
543 3401 671 3457 Senensis
698 3402 801 3472 aliquid
828 3403 862 3456 de
890 3405 1051 3460 commercio
1078 3403 1173 3459 horum
1200 3405 1320 3459 virorum

177 3481 271 3555 audire
289 3497 395 3568 debuit,
414 3511 575 3566 quamquam
594 3497 723 3552 memoria
740 3497 918 3567 probabiliter
935 3498 1039 3567 lapsus,
1057 3489 1113 3552 iem
1133 3513 1166 3551 ex
1185 3487 1320 3579 eonnario

178 3595 313 3663 proponit.
350 3591 450 3648 Scribit
468 3590 539 3645 enim
557 3591 584 3645 in
603 3605 681 3646 serm.
699 3593 741 3647 47.
760 3598 809 3646 art.
816 3593 846 3646 2.
865 3607 924 3661 cap.
937 3573 983 3646 Ill.
1002 3605 1065 3660 pag.
1078 3593 1138 3648 2114.
1150 3573 1226 3646 Tem¹
1237 3594 1257 3647 1.
1276 3593 1319 3647 ed.

179 3688 315 3756 lugdun:
340 3687 384 3756 ,S
402 3687 489 3756 Zeno,
508 3683 661 3754 Episcopus
678 3687 852 3757 Veronensis,
872 3703 954 3756 quum
973 3691 1046 3742 esset
1064 3685 1091 3740 S.
1110 3683 1249 3742 Ambrosii
1268 3687 1321 3744 cle-

179 3781 250 3850 ricus
268 3789 295 3838 et
312 3780 530 3838 adolescentulus
548 3785 657 3836 sanctus
679 3787 707 3836 et
729 3797 813 3852 purus
834 3782 985 3852 beatusque
1003 3780 1165 3836 Ambrosius
1189 3782 1321 3852 reperitur

180 3891 229 3944 per
246 3876 382 3932 civitatem
395 3891 460 3932 cum
478 3881 551 3932 esset
568 3891 672 3933 ntorum
691 3876 826 3945 gravitate
844 3881 970 3932 maturus*
981 3875 1091 3930 insolita
1108 3874 1218 3930 levitate
1237 3876 1321 3932 risum

180 3967 259 4024 iecit“
279 3975 329 4025 etc.
365 3971 490 4041 Factum,
517 3971 591 4040 quod
614 3975 721 4025 enarrat
738 3971 892 4024 Bernardus
910 3969 976 4024 satis
995 3967 1174 4039 demonstrat,
1201 3971 1321 4026 audiisse

179 4080 241 4120 eum
268 4064 303 4120 de
329 4065 447 4134 quodam
471 4065 632 4121 commercio
655 4065 726 4120 inter
742 4064 877 4119 Zenonem
901 4068 929 4119 et
946 4063 1129 4119 Ambrosium.
1165 4064 1320 4120 Notandum

180 4165 230 4229 est,
248 4159 374 4229 pictores,
392 4160 439 4229 qui
456 4161 541 4232 vulgo
552 4162 688 4218 Zenonem
706 4157 805 4221 ridenti
818 4174 878 4214 cum
897 4157 958 4214 visu
976 4152 1152 4230 effingebant,
1171 4159 1199 4214 id
1218 4173 1252 4214 ex
1269 4158 1321 4214 hac

179 4245 332 4310 uenatione
349 4255 508 4312 Bemmdiui
526 4255 584 4312 sine
600 4254 854 4326 dubiorepetiisse.
894 4253 1038 4336 Pmeterea
1055 4253 1129 4310 Zeno
1152 4253 1235 4324 vulgo
1260 4269 1320 4308 cnm

179 4347 260 4408 hamo
277 4349 425 4420 piscatorio
442 4347 589 4418 attingitur.
640 4399 648 4414 ,
1054 4413 1058 4425 Α
1100 4401 1102 4408 .

1065 4438 1111 4506 l*
