<?xml version="1.0" encoding="UTF-8"?>
<!DOCTYPE html PUBLIC "-//W3C//DTD XHTML 1.0 Transitional//EN"
    "http://www.w3.org/TR/xhtml1/DTD/xhtml1-transitional.dtd">
<html xmlns="http://www.w3.org/1999/xhtml" xml:lang="en" lang="en">
 <head>
  <title>
</title>
<meta http-equiv="Content-Type" content="text/html;charset=utf-8" />
  <meta name='ocr-system' content='tesseract 3.04.00' />
  <meta name='ocr-capabilities' content='ocr_page ocr_carea ocr_par ocr_line ocrx_word'/>
</head>
<body>
  <div class='ocr_page' id='page_1' title='image "./zenoveronensise00jazdgoog_0094.png"; bbox 0 0 3012 4936; ppageno 0'>
   <div class='ocr_carea' id='block_1_1' title="bbox 704 235 744 300">
    <p class='ocr_par' dir='ltr' id='par_1_1' title="bbox 704 235 744 300">
     <span class='ocr_line' id='line_1_1' title="bbox 704 235 744 300; baseline 0 0"><span class='ocrx_word' id='word_1_1' title='bbox 704 235 744 300; x_wconf 86' lang='grc'><strong>89</strong></span> 
     </span>
    </p>
   </div>
   <div class='ocr_carea' id='block_1_2' title="bbox 152 395 1373 1486">
    <p class='ocr_par' dir='ltr' id='par_1_2' title="bbox 152 395 1373 1486">
     <span class='ocr_line' id='line_1_2' title="bbox 154 395 1373 485; baseline -0.001 -21"><span class='ocrx_word' id='word_1_2' title='bbox 154 408 372 485; x_wconf 85' lang='lat' dir='ltr'><strong>gumentatur,</strong></span> <span class='ocrx_word' id='word_1_3' title='bbox 405 395 485 460; x_wconf 82' lang='lat' dir='ltr'><strong>false</strong></span> <span class='ocrx_word' id='word_1_4' title='bbox 515 395 613 462; x_wconf 87' lang='lat' dir='ltr'><strong>tribui</strong></span> <span class='ocrx_word' id='word_1_5' title='bbox 634 395 755 464; x_wconf 82' lang='lat' dir='ltr'><strong>Zenoni</strong></span> <span class='ocrx_word' id='word_1_6' title='bbox 786 421 805 460; x_wconf 89' lang='lat' dir='ltr'><strong>a</strong></span> <span class='ocrx_word' id='word_1_7' title='bbox 836 395 1030 480; x_wconf 87' lang='lat' dir='ltr'><strong>quibusdam</strong></span> <span class='ocrx_word' id='word_1_8' title='bbox 1063 398 1157 463; x_wconf 89' lang='lat' dir='ltr'><strong>etiam</strong></span> <span class='ocrx_word' id='word_1_9' title='bbox 1188 397 1292 464; x_wconf 90' lang='lat' dir='ltr'><strong>doctis</strong></span> <span class='ocrx_word' id='word_1_10' title='bbox 1370 397 1373 402; x_wconf 70' lang='grc'>’</span> 
     </span>
     <span class='ocr_line' id='line_1_3' title="bbox 152 507 1292 592; baseline -0.003 -15"><span class='ocrx_word' id='word_1_11' title='bbox 152 512 230 577; x_wconf 84' lang='lat' dir='ltr'><strong>viris</strong></span> <span class='ocrx_word' id='word_1_12' title='bbox 254 532 422 576; x_wconf 78' lang='lat' dir='ltr'>sermones</span> <span class='ocrx_word' id='word_1_13' title='bbox 442 558 521 573; x_wconf 89' lang='lat'><strong>....</strong></span> <span class='ocrx_word' id='word_1_14' title='bbox 545 532 676 576; x_wconf 90' lang='lat' dir='ltr'><strong>numero</strong></span> <span class='ocrx_word' id='word_1_15' title='bbox 692 511 746 575; x_wconf 84' lang='lat'>90.-</span> <span class='ocrx_word' id='word_1_16' title='bbox 790 509 861 592; x_wconf 81' lang='lat' dir='ltr'><strong>,Ita</strong></span> <span class='ocrx_word' id='word_1_17' title='bbox 883 509 1024 576; x_wconf 85' lang='lat' dir='ltr'><strong>sentiunt</strong></span> <span class='ocrx_word' id='word_1_18' title='bbox 1045 507 1156 576; x_wconf 82' lang='lat' dir='ltr'><strong>Sixtus</strong></span> <span class='ocrx_word' id='word_1_19' title='bbox 1171 509 1292 576; x_wconf 84' lang='lat' dir='ltr'><strong>Senen-</strong></span> 
     </span>
     <span class='ocr_line' id='line_1_4' title="bbox 155 621 1294 705; baseline 0 -19"><span class='ocrx_word' id='word_1_20' title='bbox 155 623 215 705; x_wconf 88' lang='lat' dir='ltr'><strong>sis,</strong></span> <span class='ocrx_word' id='word_1_21' title='bbox 249 622 423 704; x_wconf 83' lang='lat' dir='ltr'><strong>Beronius‚</strong></span> <span class='ocrx_word' id='word_1_22' title='bbox 457 621 623 704; x_wconf 77' lang='lat' dir='ltr'><strong>MolanuS,</strong></span> <span class='ocrx_word' id='word_1_23' title='bbox 657 621 869 704; x_wconf 89' lang='lat' dir='ltr'><strong>Possevinus,</strong></span> <span class='ocrx_word' id='word_1_24' title='bbox 903 621 1116 686; x_wconf 87' lang='lat' dir='ltr'><strong>Bellarminus</strong></span> <span class='ocrx_word' id='word_1_25' title='bbox 1139 622 1294 703; x_wconf 88' lang='lat' dir='ltr'><strong>Miraeus,</strong></span> 
     </span>
     <span class='ocr_line' id='line_1_5' title="bbox 156 732 1295 820; baseline -0.006 -17"><span class='ocrx_word' id='word_1_26' title='bbox 156 735 285 818; x_wconf 84' lang='lat' dir='ltr'><strong>Cocus,</strong></span> <span class='ocrx_word' id='word_1_27' title='bbox 318 735 465 820; x_wconf 86' lang='lat' dir='ltr'><strong>Rivetus,</strong></span> <span class='ocrx_word' id='word_1_28' title='bbox 497 744 533 808; x_wconf 85' lang='lat' dir='ltr'><strong>ut</strong></span> <span class='ocrx_word' id='word_1_29' title='bbox 558 735 664 800; x_wconf 90' lang='lat' dir='ltr'><strong>oleum</strong></span> <span class='ocrx_word' id='word_1_30' title='bbox 690 745 725 802; x_wconf 84' lang='lat' dir='ltr'><strong>et</strong></span> <span class='ocrx_word' id='word_1_31' title='bbox 752 757 882 818; x_wconf 84' lang='lat' dir='ltr'><strong>operam</strong></span> <span class='ocrx_word' id='word_1_32' title='bbox 913 733 1094 820; x_wconf 84' lang='lat' dir='ltr'>perdidisse</span> <span class='ocrx_word' id='word_1_33' title='bbox 1127 732 1295 798; x_wconf 87' lang='lat' dir='ltr'><strong>videantur</strong></span> 
     </span>
     <span class='ocr_line' id='line_1_6' title="bbox 156 845 1293 933; baseline -0.002 -23"><span class='ocrx_word' id='word_1_34' title='bbox 156 848 281 933; x_wconf 86' lang='lat' dir='ltr'><strong>Bagata</strong></span> <span class='ocrx_word' id='word_1_35' title='bbox 302 858 334 913; x_wconf 91' lang='lat' dir='ltr'><strong>et</strong></span> <span class='ocrx_word' id='word_1_36' title='bbox 345 847 486 915; x_wconf 83' lang='lat' dir='ltr'><strong>Peretti:</strong></span> <span class='ocrx_word' id='word_1_37' title='bbox 510 847 566 932; x_wconf 90' lang='lat' dir='ltr'><strong>qui</strong></span> <span class='ocrx_word' id='word_1_38' title='bbox 581 845 735 912; x_wconf 88' lang='lat' dir='ltr'><strong>adversus</strong></span> <span class='ocrx_word' id='word_1_39' title='bbox 759 845 937 912; x_wconf 78' lang='lat' dir='ltr'><strong>doctissimi</strong></span> <span class='ocrx_word' id='word_1_40' title='bbox 953 846 1038 914; x_wconf 77' lang='lat' dir='ltr'><strong>sixti</strong></span> <span class='ocrx_word' id='word_1_41' title='bbox 1053 845 1204 914; x_wconf 82' lang='lat' dir='ltr'><strong>Senensis</strong></span> <span class='ocrx_word' id='word_1_42' title='bbox 1221 867 1293 910; x_wconf 90' lang='lat' dir='ltr'><strong>oen-</strong></span> 
     </span>
     <span class='ocr_line' id='line_1_7' title="bbox 157 958 1294 1047; baseline 0 -23"><span class='ocrx_word' id='word_1_43' title='bbox 157 982 262 1024; x_wconf 86' lang='lat' dir='ltr'><strong>suram</strong></span> <span class='ocrx_word' id='word_1_44' title='bbox 286 983 342 1025; x_wconf 90' lang='lat' dir='ltr'><strong>eos</strong></span> <span class='ocrx_word' id='word_1_45' title='bbox 369 960 483 1036; x_wconf 80' lang='lat' dir='ltr'><strong>saltem</strong></span> <span class='ocrx_word' id='word_1_46' title='bbox 510 982 621 1026; x_wconf 88' lang='lat' dir='ltr'><strong>omnes</strong></span> <span class='ocrx_word' id='word_1_47' title='bbox 644 959 766 1024; x_wconf 84' lang='lat' dir='ltr'><strong>Zenoni</strong></span> <span class='ocrx_word' id='word_1_48' title='bbox 787 959 951 1047; x_wconf 76' lang='lat' dir='ltr'><strong>Episcopo</strong></span> <span class='ocrx_word' id='word_1_49' title='bbox 975 959 1154 1025; x_wconf 87' lang='lat' dir='ltr'><strong>Veronensi</strong></span> <span class='ocrx_word' id='word_1_50' title='bbox 1181 968 1212 1023; x_wconf 90' lang='lat' dir='ltr'><strong>et</strong></span> <span class='ocrx_word' id='word_1_51' title='bbox 1234 958 1294 1024; x_wconf 93' lang='lat' dir='ltr'><strong>sub</strong></span> 
     </span>
     <span class='ocr_line' id='line_1_8' title="bbox 157 1070 1295 1160; baseline -0.004 -21"><span class='ocrx_word' id='word_1_52' title='bbox 157 1072 303 1139; x_wconf 88' lang='lat' dir='ltr'><strong>Gallieno</strong></span> <span class='ocrx_word' id='word_1_53' title='bbox 326 1074 513 1160; x_wconf 84' lang='lat' dir='ltr'><strong>martyrium</strong></span> <span class='ocrx_word' id='word_1_54' title='bbox 536 1096 632 1159; x_wconf 89' lang='lat' dir='ltr'><strong>passo</strong></span> <span class='ocrx_word' id='word_1_55' title='bbox 656 1071 826 1138; x_wconf 86' lang='lat' dir='ltr'><strong>vindicare</strong></span> <span class='ocrx_word' id='word_1_56' title='bbox 849 1073 1026 1140; x_wconf 85' lang='lat' dir='ltr'><strong>voluerunt.</strong></span> <span class='ocrx_word' id='word_1_57' title='bbox 1072 1073 1149 1138; x_wconf 89' lang='lat' dir='ltr'><strong>Non</strong></span> <span class='ocrx_word' id='word_1_58' title='bbox 1177 1070 1295 1136; x_wconf 88' lang='lat' dir='ltr'><strong>desunt</strong></span> 
     </span>
     <span class='ocr_line' id='line_1_9' title="bbox 153 1181 1293 1268; baseline 0 -22"><span class='ocrx_word' id='word_1_59' title='bbox 153 1194 259 1249; x_wconf 87' lang='lat' dir='ltr'><strong>tamen</strong></span> <span class='ocrx_word' id='word_1_60' title='bbox 282 1183 399 1249; x_wconf 91' lang='lat' dir='ltr'><strong>eruditi</strong></span> <span class='ocrx_word' id='word_1_61' title='bbox 416 1185 491 1266; x_wconf 69' lang='lat' dir='ltr'><strong>siri,</strong></span> <span class='ocrx_word' id='word_1_62' title='bbox 515 1185 570 1267; x_wconf 90' lang='lat' dir='ltr'><strong>qui</strong></span> <span class='ocrx_word' id='word_1_63' title='bbox 592 1184 790 1268; x_wconf 75' lang='lat' dir='ltr'><strong>refragentur</strong></span> <span class='ocrx_word' id='word_1_64' title='bbox 804 1193 836 1248; x_wconf 91' lang='lat' dir='ltr'><strong>et</strong></span> <span class='ocrx_word' id='word_1_65' title='bbox 851 1185 1011 1250; x_wconf 89' lang='lat' dir='ltr'><strong>Zenonem</strong></span> <span class='ocrx_word' id='word_1_66' title='bbox 1026 1184 1086 1250; x_wconf 90' lang='lat' dir='ltr'><strong>sub</strong></span> <span class='ocrx_word' id='word_1_67' title='bbox 1102 1181 1293 1252; x_wconf 84' lang='lat' dir='ltr'><strong>Constantio</strong></span> 
     </span>
     <span class='ocr_line' id='line_1_10' title="bbox 152 1293 1293 1382; baseline 0.001 -23"><span class='ocrx_word' id='word_1_68' title='bbox 152 1297 203 1360; x_wconf 85' lang='lat' dir='ltr'><strong>vel</strong></span> <span class='ocrx_word' id='word_1_69' title='bbox 226 1297 250 1360; x_wconf 83' lang='lat' dir='ltr'>J</span> <span class='ocrx_word' id='word_1_70' title='bbox 253 1297 359 1358; x_wconf 89' lang='lat' dir='ltr'><strong>uliano</strong></span> <span class='ocrx_word' id='word_1_71' title='bbox 381 1297 541 1380; x_wconf 85' lang='lat' dir='ltr'><strong>Apostata</strong></span> <span class='ocrx_word' id='word_1_72' title='bbox 562 1293 708 1360; x_wconf 86' lang='lat' dir='ltr'><strong>floruisse</strong></span> <span class='ocrx_word' id='word_1_73' title='bbox 731 1304 763 1376; x_wconf 81' lang='lat' dir='ltr'><strong>et</strong></span> <span class='ocrx_word' id='word_1_74' title='bbox 785 1295 870 1360; x_wconf 85' lang='lat' dir='ltr'><strong>sicca</strong></span> <span class='ocrx_word' id='word_1_75' title='bbox 892 1304 993 1360; x_wconf 89' lang='lat' dir='ltr'><strong>morte</strong></span> <span class='ocrx_word' id='word_1_76' title='bbox 1020 1296 1099 1359; x_wconf 89' lang='lat' dir='ltr'><strong>eitra</strong></span> <span class='ocrx_word' id='word_1_77' title='bbox 1129 1295 1293 1382; x_wconf 87' lang='lat' dir='ltr'><strong>sangoinis</strong></span> 
     </span>
     <span class='ocr_line' id='line_1_11' title="bbox 153 1404 1294 1486; baseline 0.002 -16"><span class='ocrx_word' id='word_1_78' title='bbox 153 1406 343 1470; x_wconf 83' lang='lat' dir='ltr'><strong>effusionem</strong></span> <span class='ocrx_word' id='word_1_79' title='bbox 366 1407 397 1470; x_wconf 91' lang='lat' dir='ltr'><strong>in</strong></span> <span class='ocrx_word' id='word_1_80' title='bbox 421 1404 544 1470; x_wconf 87' lang='lat' dir='ltr'><strong>eoelum</strong></span> <span class='ocrx_word' id='word_1_81' title='bbox 568 1405 685 1470; x_wconf 88' lang='lat' dir='ltr'><strong>abiisse</strong></span> <span class='ocrx_word' id='word_1_82' title='bbox 708 1405 930 1486; x_wconf 74' lang='lat' dir='ltr'><strong>contendant.“</strong></span> <span class='ocrx_word' id='word_1_83' title='bbox 978 1404 1119 1471; x_wconf 89' lang='lat' dir='ltr'><strong>Omnino</strong></span> <span class='ocrx_word' id='word_1_84' title='bbox 1141 1406 1294 1483; x_wconf 73' lang='lat' dir='ltr'><strong>articulus</strong></span> 
     </span>
    </p>
   </div>
   <div class='ocr_carea' id='block_1_3' title="bbox 149 1505 1292 1606">
    <p class='ocr_par' dir='ltr' id='par_1_3' title="bbox 149 1505 1292 1606">
     <span class='ocr_line' id='line_1_12' title="bbox 149 1505 1292 1606; baseline -0.002 -22"><span class='ocrx_word' id='word_1_85' title='bbox 149 1517 195 1584; x_wconf 85' lang='lat' dir='ltr'><strong>de</strong></span> <span class='ocrx_word' id='word_1_86' title='bbox 212 1505 341 1583; x_wconf 82' lang='lat' dir='ltr'><strong>Zenone</strong></span> <span class='ocrx_word' id='word_1_87' title='bbox 356 1518 396 1582; x_wconf 94' lang='lat' dir='ltr'><strong>ab</strong></span> <span class='ocrx_word' id='word_1_88' title='bbox 412 1527 541 1583; x_wconf 89' lang='lat' dir='ltr'><strong>auctore</strong></span> <span class='ocrx_word' id='word_1_89' title='bbox 563 1516 625 1582; x_wconf 91' lang='lat' dir='ltr'><strong>hoc</strong></span> <span class='ocrx_word' id='word_1_90' title='bbox 647 1517 775 1582; x_wconf 81' lang='lat' dir='ltr'><strong>aliunde</strong></span> <span class='ocrx_word' id='word_1_91' title='bbox 799 1517 945 1604; x_wconf 80' lang='lat' dir='ltr'><strong>diligenti</strong></span> <span class='ocrx_word' id='word_1_92' title='bbox 967 1528 999 1584; x_wconf 89' lang='lat' dir='ltr'><strong>et</strong></span> <span class='ocrx_word' id='word_1_93' title='bbox 1021 1527 1169 1584; x_wconf 76' lang='lat' dir='ltr'><strong>accurato</strong></span> <span class='ocrx_word' id='word_1_94' title='bbox 1191 1519 1292 1606; x_wconf 87' lang='lat' dir='ltr'><strong>negli-</strong></span> 
     </span>
    </p>
   </div>
   <div class='ocr_carea' id='block_1_4' title="bbox 152 1630 1295 1942">
    <p class='ocr_par' dir='ltr' id='par_1_4' title="bbox 152 1630 1295 1942">
     <span class='ocr_line' id='line_1_13' title="bbox 153 1630 1295 1720; baseline -0.001 -25"><span class='ocrx_word' id='word_1_95' title='bbox 153 1631 342 1716; x_wconf 89' lang='lat' dir='ltr'><strong>gentissime</strong></span> <span class='ocrx_word' id='word_1_96' title='bbox 366 1631 506 1716; x_wconf 89' lang='lat' dir='ltr'><strong>scriptus</strong></span> <span class='ocrx_word' id='word_1_97' title='bbox 530 1640 591 1720; x_wconf 87' lang='lat' dir='ltr'><strong>est;</strong></span> <span class='ocrx_word' id='word_1_98' title='bbox 614 1630 694 1696; x_wconf 82' lang='lat' dir='ltr'><strong>false</strong></span> <span class='ocrx_word' id='word_1_99' title='bbox 709 1631 792 1696; x_wconf 86' lang='lat' dir='ltr'><strong>enirn</strong></span> <span class='ocrx_word' id='word_1_100' title='bbox 809 1630 920 1696; x_wconf 77' lang='lat' dir='ltr'><strong>Labbe</strong></span> <span class='ocrx_word' id='word_1_101' title='bbox 936 1631 1119 1696; x_wconf 90' lang='lat' dir='ltr'><strong>auctoribus</strong></span> <span class='ocrx_word' id='word_1_102' title='bbox 1143 1631 1295 1716; x_wconf 83' lang='lat' dir='ltr'><strong>supponit</strong></span> 
     </span>
     <span class='ocr_line' id='line_1_14' title="bbox 153 1741 1292 1830; baseline -0.002 -22"><span class='ocrx_word' id='word_1_103' title='bbox 153 1741 194 1808; x_wconf 90' lang='lat' dir='ltr'><strong>de</strong></span> <span class='ocrx_word' id='word_1_104' title='bbox 216 1742 344 1807; x_wconf 89' lang='lat' dir='ltr'><strong>Zenone</strong></span> <span class='ocrx_word' id='word_1_105' title='bbox 367 1743 547 1830; x_wconf 90' lang='lat' dir='ltr'><strong>opiniones,</strong></span> <span class='ocrx_word' id='word_1_106' title='bbox 572 1765 651 1826; x_wconf 88' lang='lat' dir='ltr'><strong>quas</strong></span> <span class='ocrx_word' id='word_1_107' title='bbox 674 1763 739 1807; x_wconf 92' lang='lat' dir='ltr'><strong>non</strong></span> <span class='ocrx_word' id='word_1_108' title='bbox 761 1742 933 1808; x_wconf 88' lang='lat' dir='ltr'><strong>habebant:</strong></span> <span class='ocrx_word' id='word_1_109' title='bbox 956 1743 1026 1829; x_wconf 88' lang='lat' dir='ltr'><strong>ipse</strong></span> <span class='ocrx_word' id='word_1_110' title='bbox 1048 1743 1081 1806; x_wconf 91' lang='lat' dir='ltr'><strong>in</strong></span> <span class='ocrx_word' id='word_1_111' title='bbox 1103 1741 1182 1808; x_wconf 86' lang='lat' dir='ltr'><strong>locis</strong></span> <span class='ocrx_word' id='word_1_112' title='bbox 1206 1765 1292 1807; x_wconf 91' lang='lat' dir='ltr'><strong>com·</strong></span> 
     </span>
     <span class='ocr_line' id='line_1_15' title="bbox 152 1854 840 1942; baseline 0.003 -24"><span class='ocrx_word' id='word_1_113' title='bbox 152 1854 303 1920; x_wconf 89' lang='lat' dir='ltr'><strong>munibus</strong></span> <span class='ocrx_word' id='word_1_114' title='bbox 325 1864 484 1937; x_wconf 84' lang='lat' dir='ltr'><strong>versatur,</strong></span> <span class='ocrx_word' id='word_1_115' title='bbox 505 1854 585 1918; x_wconf 90' lang='lat' dir='ltr'><strong>nihil</strong></span> <span class='ocrx_word' id='word_1_116' title='bbox 608 1855 686 1920; x_wconf 90' lang='lat' dir='ltr'><strong>certi</strong></span> <span class='ocrx_word' id='word_1_117' title='bbox 708 1878 840 1942; x_wconf 89' lang='lat' dir='ltr'><strong>ponens.</strong></span> 
     </span>
    </p>
   </div>
   <div class='ocr_carea' id='block_1_5' title="bbox 154 1966 1293 2165">
    <p class='ocr_par' dir='ltr' id='par_1_5' title="bbox 154 1966 1293 2165">
     <span class='ocr_line' id='line_1_16' title="bbox 256 1966 1292 2053; baseline 0 -21"><span class='ocrx_word' id='word_1_118' title='bbox 256 1969 443 2032; x_wconf 78' lang='lat' dir='ltr'><strong>Gcillelntus</strong></span> <span class='ocrx_word' id='word_1_119' title='bbox 470 1967 550 2033; x_wconf 81' lang='lat' dir='ltr'><strong>Cave</strong></span> <span class='ocrx_word' id='word_1_120' title='bbox 582 1969 661 2052; x_wconf 89' lang='lat' dir='ltr'><strong>(nat.</strong></span> <span class='ocrx_word' id='word_1_121' title='bbox 689 1968 863 2045; x_wconf 84' lang='lat' dir='ltr'><strong>Pincevalli</strong></span> <span class='ocrx_word' id='word_1_122' title='bbox 889 1970 987 2049; x_wconf 86' lang='grc'><strong>1637,</strong></span> <span class='ocrx_word' id='word_1_123' title='bbox 1021 1971 1043 2053; x_wconf 87' lang='lat'>†</span> <span class='ocrx_word' id='word_1_124' title='bbox 1069 1966 1292 2032; x_wconf 71' lang='grc'><strong>1713771111-</strong></span> 
     </span>
     <span class='ocr_line' id='line_1_17' title="bbox 154 2077 1293 2165; baseline 0 -21"><span class='ocrx_word' id='word_1_125' title='bbox 154 2079 246 2165; x_wconf 88' lang='lat' dir='ltr'><strong>sorii)</strong></span> <span class='ocrx_word' id='word_1_126' title='bbox 269 2078 328 2146; x_wconf 83' lang='lat' dir='ltr'><strong>SS.</strong></span> <span class='ocrx_word' id='word_1_127' title='bbox 341 2079 452 2144; x_wconf 85' lang='lat' dir='ltr'><strong>Theol.</strong></span> <span class='ocrx_word' id='word_1_128' title='bbox 475 2080 561 2143; x_wconf 87' lang='lat' dir='ltr'><strong>Prof.</strong></span> <span class='ocrx_word' id='word_1_129' title='bbox 585 2077 769 2146; x_wconf 82' lang='lat' dir='ltr'><strong>Canonious</strong></span> <span class='ocrx_word' id='word_1_130' title='bbox 791 2079 1070 2147; x_wconf 90' lang='lat' dir='ltr'><strong>Windesorensis:</strong></span> <span class='ocrx_word' id='word_1_131' title='bbox 1094 2081 1125 2144; x_wconf 90' lang='lat' dir='ltr'><strong>iu</strong></span> <span class='ocrx_word' id='word_1_132' title='bbox 1149 2079 1293 2164; x_wconf 84' lang='lat' dir='ltr'><strong>Scripto-</strong></span> 
     </span>
    </p>
   </div>
   <div class='ocr_carea' id='block_1_6' title="bbox 152 2191 1402 2258">
    <p class='ocr_par' dir='ltr' id='par_1_6' title="bbox 152 2191 1402 2258">
     <span class='ocr_line' id='line_1_18' title="bbox 152 2191 1402 2258; baseline 0.002 -5"><span class='ocrx_word' id='word_1_133' title='bbox 152 2214 223 2254; x_wconf 90' lang='lat' dir='ltr'><strong>rum</strong></span> <span class='ocrx_word' id='word_1_134' title='bbox 239 2191 540 2258; x_wconf 87' lang='lat' dir='ltr'><strong>Ecclesiasticorum</strong></span> <span class='ocrx_word' id='word_1_135' title='bbox 555 2191 701 2256; x_wconf 85' lang='lat' dir='ltr'><strong>Historia</strong></span> <span class='ocrx_word' id='word_1_136' title='bbox 716 2192 887 2258; x_wconf 88' lang='lat' dir='ltr'><strong>Litteraria</strong></span> <span class='ocrx_word' id='word_1_137' title='bbox 900 2193 1048 2258; x_wconf 76' lang='lat' dir='ltr'><strong>Basileus</strong></span> <span class='ocrx_word' id='word_1_138' title='bbox 1073 2194 1167 2258; x_wconf 90' lang='grc'><strong>1741.</strong></span> <span class='ocrx_word' id='word_1_139' title='bbox 1190 2191 1254 2256; x_wconf 86' lang='lat' dir='ltr'><strong>Vol</strong></span> <span class='ocrx_word' id='word_1_140' title='bbox 1267 2192 1293 2255; x_wconf 91' lang='lat' dir='ltr'><strong>I.</strong></span> <span class='ocrx_word' id='word_1_141' title='bbox 1401 2245 1402 2248; x_wconf 63' lang='lat'><strong>,</strong></span> 
     </span>
    </p>
   </div>
   <div class='ocr_carea' id='block_1_7' title="bbox 97 2281 1323 4416">
    <p class='ocr_par' dir='ltr' id='par_1_7' title="bbox 97 2281 1323 4416">
     <span class='ocr_line' id='line_1_19' title="bbox 126 2281 1293 2390; baseline 0.002 -25"><span class='ocrx_word' id='word_1_142' title='bbox 126 2304 183 2367; x_wconf 81' lang='lat' dir='ltr'><strong>¹in</strong></span> <span class='ocrx_word' id='word_1_143' title='bbox 216 2281 352 2370; x_wconf 84' lang='lat' dir='ltr'><strong>Saeeulo</strong></span> <span class='ocrx_word' id='word_1_144' title='bbox 367 2371 372 2379; x_wconf 70' lang='grc'><strong>,</strong></span> <span class='ocrx_word' id='word_1_145' title='bbox 385 2305 507 2369; x_wconf 87' lang='lat' dir='ltr'><strong>Ariano</strong></span> <span class='ocrx_word' id='word_1_146' title='bbox 540 2327 614 2390; x_wconf 89' lang='lat' dir='ltr'><strong>pag.</strong></span> <span class='ocrx_word' id='word_1_147' title='bbox 637 2306 702 2370; x_wconf 80' lang='lat'><strong>224</strong></span> <span class='ocrx_word' id='word_1_148' title='bbox 733 2304 774 2370; x_wconf 91' lang='lat' dir='ltr'><strong>de</strong></span> <span class='ocrx_word' id='word_1_149' title='bbox 807 2305 936 2372; x_wconf 86' lang='lat' dir='ltr'><strong>Zenone</strong></span> <span class='ocrx_word' id='word_1_150' title='bbox 953 2305 1105 2372; x_wconf 61' lang='lat' dir='ltr'><strong>&gt;breviter</strong></span> <span class='ocrx_word' id='word_1_151' title='bbox 1142 2304 1293 2389; x_wconf 90' lang='lat' dir='ltr'><strong>loquitur.</strong></span> 
     </span>
     <span class='ocr_line' id='line_1_20' title="bbox 100 2407 1323 2504; baseline 0.002 -26"><span class='ocrx_word' id='word_1_152' title='bbox 100 2447 104 2454; x_wconf 69' lang='lat'>=</span> <span class='ocrx_word' id='word_1_153' title='bbox 151 2417 330 2502; x_wconf 68' lang='lat' dir='ltr'><strong>Martyron]</strong></span> <span class='ocrx_word' id='word_1_154' title='bbox 358 2441 431 2482; x_wconf 89' lang='lat' dir='ltr'><strong>eum</strong></span> <span class='ocrx_word' id='word_1_155' title='bbox 458 2419 573 2504; x_wconf 86' lang='lat' dir='ltr'><strong>injuste</strong></span> <span class='ocrx_word' id='word_1_156' title='bbox 601 2417 759 2481; x_wconf 88' lang='lat' dir='ltr'><strong>nominari</strong></span> <span class='ocrx_word' id='word_1_157' title='bbox 786 2418 963 2501; x_wconf 83' lang='lat' dir='ltr'><strong>contendit,</strong></span> <span class='ocrx_word' id='word_1_158' title='bbox 997 2417 1089 2504; x_wconf 85' lang='lat' dir='ltr'><strong>ponit</strong></span> <span class='ocrx_word' id='word_1_159' title='bbox 1115 2441 1187 2482; x_wconf 87' lang='lat' dir='ltr'><strong>eum</strong></span> <span class='ocrx_word' id='word_1_160' title='bbox 1211 2407 1323 2482; x_wconf 72' lang='grc' dir='ltr'><strong>(111·ο(ι’</strong></span> 
     </span>
     <span class='ocr_line' id='line_1_21' title="bbox 152 2518 1293 2614; baseline 0.004 -26"><span class='ocrx_word' id='word_1_161' title='bbox 152 2549 202 2589; x_wconf 91' lang='lat' dir='ltr'><strong>an.</strong></span> <span class='ocrx_word' id='word_1_162' title='bbox 227 2528 292 2591; x_wconf 85' lang='lat'><strong>360</strong></span> <span class='ocrx_word' id='word_1_163' title='bbox 314 2537 346 2591; x_wconf 90' lang='lat' dir='ltr'><strong>et</strong></span> <span class='ocrx_word' id='word_1_164' title='bbox 368 2527 485 2614; x_wconf 82' lang='lat' dir='ltr'><strong>Siagrii</strong></span> <span class='ocrx_word' id='word_1_165' title='bbox 513 2539 747 2593; x_wconf 88' lang='lat' dir='ltr'><strong>antecessorem</strong></span> <span class='ocrx_word' id='word_1_166' title='bbox 774 2529 872 2596; x_wconf 90' lang='lat' dir='ltr'><strong>fuisse</strong></span> <span class='ocrx_word' id='word_1_167' title='bbox 899 2518 1080 2594; x_wconf 88' lang='lat' dir='ltr'><strong>arbitratur.</strong></span> <span class='ocrx_word' id='word_1_168' title='bbox 1127 2529 1293 2610; x_wconf 66' lang='lat' dir='ltr'><strong>„Exstant</strong></span> 
     </span>
     <span class='ocr_line' id='line_1_22' title="bbox 152 2638 1294 2726; baseline 0.004 -24"><span class='ocrx_word' id='word_1_169' title='bbox 152 2639 269 2724; x_wconf 88' lang='lat' dir='ltr'><strong>pergit,</strong></span> <span class='ocrx_word' id='word_1_170' title='bbox 293 2639 353 2704; x_wconf 90' lang='lat' dir='ltr'><strong>sub</strong></span> <span class='ocrx_word' id='word_1_171' title='bbox 371 2643 439 2725; x_wconf 90' lang='lat' dir='ltr'><strong>ejus</strong></span> <span class='ocrx_word' id='word_1_172' title='bbox 454 2639 584 2703; x_wconf 87' lang='lat' dir='ltr'><strong>nomine</strong></span> <span class='ocrx_word' id='word_1_173' title='bbox 608 2661 770 2702; x_wconf 85' lang='lat' dir='ltr'><strong>sermones</strong></span> <span class='ocrx_word' id='word_1_174' title='bbox 786 2641 828 2704; x_wconf 82' lang='lat'><strong>90</strong></span> <span class='ocrx_word' id='word_1_175' title='bbox 843 2638 883 2704; x_wconf 87' lang='lat' dir='ltr'><strong>de</strong></span> <span class='ocrx_word' id='word_1_176' title='bbox 899 2639 1045 2724; x_wconf 91' lang='lat' dir='ltr'><strong>plurimis</strong></span> <span class='ocrx_word' id='word_1_177' title='bbox 1062 2639 1096 2706; x_wconf 86' lang='lat' dir='ltr'><strong>S.</strong></span> <span class='ocrx_word' id='word_1_178' title='bbox 1112 2639 1294 2726; x_wconf 83' lang='lat' dir='ltr'><strong>Scripturas</strong></span> 
     </span>
     <span class='ocr_line' id='line_1_23' title="bbox 148 2749 1292 2850; baseline 0.003 -38"><span class='ocrx_word' id='word_1_179' title='bbox 148 2749 232 2815; x_wconf 91' lang='lat' dir='ltr'><strong>locis</strong></span> <span class='ocrx_word' id='word_1_180' title='bbox 256 2760 288 2814; x_wconf 90' lang='lat' dir='ltr'><strong>et</strong></span> <span class='ocrx_word' id='word_1_181' title='bbox 309 2774 415 2816; x_wconf 87' lang='lat' dir='ltr'><strong>rerum</strong></span> <span class='ocrx_word' id='word_1_182' title='bbox 446 2751 625 2816; x_wconf 88' lang='lat' dir='ltr'><strong>divinarum</strong></span> <span class='ocrx_word' id='word_1_183' title='bbox 658 2751 869 2836; x_wconf 83' lang='lat' dir='ltr'><strong>argumentis,</strong></span> <span class='ocrx_word' id='word_1_184' title='bbox 904 2752 1019 2850; x_wconf 73' lang='lat' dir='ltr'><strong>partim</strong></span> <span class='ocrx_word' id='word_1_185' title='bbox 1042 2775 1082 2816; x_wconf 85' lang='lat' dir='ltr'><strong>ex</strong></span> <span class='ocrx_word' id='word_1_186' title='bbox 1104 2752 1137 2820; x_wconf 84' lang='lat' dir='ltr'><strong>S.</strong></span> <span class='ocrx_word' id='word_1_187' title='bbox 1160 2753 1292 2835; x_wconf 87' lang='lat' dir='ltr'><strong>Basilio,</strong></span> 
     </span>
     <span class='ocr_line' id='line_1_24' title="bbox 148 2843 1295 2956; baseline 0.002 -28"><span class='ocrx_word' id='word_1_188' title='bbox 148 2843 269 2948; x_wconf 79' lang='lat' dir='ltr'><strong>partim</strong></span> <span class='ocrx_word' id='word_1_189' title='bbox 292 2887 332 2928; x_wconf 79' lang='lat' dir='ltr'><strong>ex</strong></span> <span class='ocrx_word' id='word_1_190' title='bbox 354 2863 491 2946; x_wconf 85' lang='lat' dir='ltr'><strong>Hilario,</strong></span> <span class='ocrx_word' id='word_1_191' title='bbox 516 2863 651 2946; x_wconf 89' lang='lat' dir='ltr'><strong>aliisque</strong></span> <span class='ocrx_word' id='word_1_192' title='bbox 674 2861 846 2949; x_wconf 90' lang='lat' dir='ltr'><strong>desumpti,</strong></span> <span class='ocrx_word' id='word_1_193' title='bbox 868 2866 956 2930; x_wconf 89' lang='lat' dir='ltr'><strong>nulla</strong></span> <span class='ocrx_word' id='word_1_194' title='bbox 972 2889 1057 2956; x_wconf 84' lang='lat' dir='ltr'><strong>cura,</strong></span> <span class='ocrx_word' id='word_1_195' title='bbox 1080 2865 1167 2930; x_wconf 92' lang='lat' dir='ltr'><strong>nullo</strong></span> <span class='ocrx_word' id='word_1_196' title='bbox 1183 2865 1295 2930; x_wconf 83' lang='lat' dir='ltr'><strong>ordina</strong></span> 
     </span>
     <span class='ocr_line' id='line_1_25' title="bbox 148 2973 1295 3065; baseline 0.003 -27"><span class='ocrx_word' id='word_1_197' title='bbox 148 2973 284 3061; x_wconf 85' lang='lat' dir='ltr'><strong>digesti,</strong></span> <span class='ocrx_word' id='word_1_198' title='bbox 316 2975 400 3062; x_wconf 91' lang='lat' dir='ltr'><strong>stylo</strong></span> <span class='ocrx_word' id='word_1_199' title='bbox 431 2975 558 3042; x_wconf 87' lang='lat' dir='ltr'><strong>diverso</strong></span> <span class='ocrx_word' id='word_1_200' title='bbox 590 2988 622 3042; x_wconf 88' lang='lat' dir='ltr'><strong>et</strong></span> <span class='ocrx_word' id='word_1_201' title='bbox 653 2977 813 3062; x_wconf 83' lang='lat' dir='ltr'><strong>inaequali</strong></span> <span class='ocrx_word' id='word_1_202' title='bbox 841 2979 967 3065; x_wconf 84' lang='lat' dir='ltr'><strong>scripti,</strong></span> <span class='ocrx_word' id='word_1_203' title='bbox 998 2987 1035 3042; x_wconf 91' lang='lat' dir='ltr'><strong>ut</strong></span> <span class='ocrx_word' id='word_1_204' title='bbox 1064 2976 1295 3062; x_wconf 87' lang='lat' dir='ltr'><strong>impudentiam</strong></span> 
     </span>
     <span class='ocr_line' id='line_1_26' title="bbox 148 3086 1295 3176; baseline 0.003 -25"><span class='ocrx_word' id='word_1_205' title='bbox 148 3088 246 3153; x_wconf 87' lang='lat' dir='ltr'><strong>simul</strong></span> <span class='ocrx_word' id='word_1_206' title='bbox 284 3097 316 3153; x_wconf 90' lang='lat' dir='ltr'><strong>et</strong></span> <span class='ocrx_word' id='word_1_207' title='bbox 349 3089 540 3175; x_wconf 88' lang='lat' dir='ltr'><strong>imperitiam</strong></span> <span class='ocrx_word' id='word_1_208' title='bbox 579 3086 689 3176; x_wconf 84' lang='lat' dir='ltr'><strong>aperte</strong></span> <span class='ocrx_word' id='word_1_209' title='bbox 725 3088 842 3176; x_wconf 85' lang='lat' dir='ltr'><strong>prodat</strong></span> <span class='ocrx_word' id='word_1_210' title='bbox 877 3091 1144 3155; x_wconf 79' lang='lat' dir='ltr'><strong>consarcinator.“</strong></span> <span class='ocrx_word' id='word_1_211' title='bbox 1196 3088 1295 3170; x_wconf 75' lang='lat' dir='ltr'><strong>Quod</strong></span> 
     </span>
     <span class='ocr_line' id='line_1_27' title="bbox 148 3179 1292 3288; baseline 0.007 -27"><span class='ocrx_word' id='word_1_212' title='bbox 148 3207 257 3262; x_wconf 89' lang='lat' dir='ltr'><strong>antem</strong></span> <span class='ocrx_word' id='word_1_213' title='bbox 284 3200 404 3264; x_wconf 90' lang='lat' dir='ltr'><strong>nullam</strong></span> <span class='ocrx_word' id='word_1_214' title='bbox 433 3212 552 3266; x_wconf 87' lang='lat' dir='ltr'><strong>certam</strong></span> <span class='ocrx_word' id='word_1_215' title='bbox 574 3203 758 3288; x_wconf 85' lang='lat' dir='ltr'><strong>opinionem</strong></span> <span class='ocrx_word' id='word_1_216' title='bbox 774 3179 828 3266; x_wconf 32' lang='lat' dir='ltr'><strong>&#39;d&#39;e</strong></span> <span class='ocrx_word' id='word_1_217' title='bbox 850 3203 988 3266; x_wconf 89' lang='lat' dir='ltr'><strong>Zenonis</strong></span> <span class='ocrx_word' id='word_1_218' title='bbox 1011 3202 1213 3268; x_wconf 90' lang='lat' dir='ltr'><strong>sermonibus</strong></span> <span class='ocrx_word' id='word_1_219' title='bbox 1236 3203 1292 3269; x_wconf 79' lang='lat' dir='ltr'><strong>ha·</strong></span> 
     </span>
     <span class='ocr_line' id='line_1_28' title="bbox 148 3310 1293 3408; baseline 0.002 -32"><span class='ocrx_word' id='word_1_220' title='bbox 148 3310 269 3393; x_wconf 90' lang='lat' dir='ltr'><strong>buerit,</strong></span> <span class='ocrx_word' id='word_1_221' title='bbox 293 3322 402 3397; x_wconf 86' lang='lat' dir='ltr'><strong>aperte</strong></span> <span class='ocrx_word' id='word_1_222' title='bbox 424 3313 604 3398; x_wconf 89' lang='lat' dir='ltr'><strong>profitetur:</strong></span> <span class='ocrx_word' id='word_1_223' title='bbox 637 3315 802 3400; x_wconf 85' lang='lat' dir='ltr'><strong>proferens</strong></span> <span class='ocrx_word' id='word_1_224' title='bbox 825 3315 908 3378; x_wconf 79' lang='lat' dir='ltr'><strong>enirn</strong></span> <span class='ocrx_word' id='word_1_225' title='bbox 931 3314 1060 3402; x_wconf 88' lang='lat' dir='ltr'><strong>Aloysii</strong></span> <span class='ocrx_word' id='word_1_226' title='bbox 1082 3324 1205 3406; x_wconf 83' lang='lat' dir='ltr'><strong>notam,</strong></span> <span class='ocrx_word' id='word_1_227' title='bbox 1225 3318 1293 3408; x_wconf 80' lang='lat' dir='ltr'><strong>jam</strong></span> 
     </span>
     <span class='ocr_line' id='line_1_29' title="bbox 147 3423 1294 3510; baseline 0.003 -24"><span class='ocrx_word' id='word_1_228' title='bbox 147 3447 167 3486; x_wconf 90' lang='lat' dir='ltr'><strong>a</strong></span> <span class='ocrx_word' id='word_1_229' title='bbox 187 3423 346 3488; x_wconf 87' lang='lat' dir='ltr'><strong>Rathen&#39;o</strong></span> <span class='ocrx_word' id='word_1_230' title='bbox 369 3425 691 3498; x_wconf 86' lang='lat' dir='ltr'><strong>sermonesZenonis</strong></span> <span class='ocrx_word' id='word_1_231' title='bbox 715 3426 814 3490; x_wconf 85' lang='lat' dir='ltr'><strong>luisse</strong></span> <span class='ocrx_word' id='word_1_232' title='bbox 837 3427 964 3510; x_wconf 89' lang='lat' dir='ltr'><strong>citatos,</strong></span> <span class='ocrx_word' id='word_1_233' title='bbox 988 3425 1110 3492; x_wconf 84' lang='lat' dir='ltr'><strong>subdit:</strong></span> <span class='ocrx_word' id='word_1_234' title='bbox 1157 3426 1231 3506; x_wconf 85' lang='lat' dir='ltr'><strong>,An</strong></span> <span class='ocrx_word' id='word_1_235' title='bbox 1253 3449 1294 3490; x_wconf 83' lang='lat' dir='ltr'><strong>ex</strong></span> 
     </span>
     <span class='ocr_line' id='line_1_30' title="bbox 145 3535 1292 3624; baseline 0.004 -27"><span class='ocrx_word' id='word_1_236' title='bbox 145 3535 276 3600; x_wconf 88' lang='lat' dir='ltr'><strong>illorum</strong></span> <span class='ocrx_word' id='word_1_237' title='bbox 305 3559 439 3601; x_wconf 88' lang='lat' dir='ltr'><strong>numero</strong></span> <span class='ocrx_word' id='word_1_238' title='bbox 467 3536 547 3620; x_wconf 92' lang='lat' dir='ltr'><strong>sint,</strong></span> <span class='ocrx_word' id='word_1_239' title='bbox 575 3539 631 3622; x_wconf 88' lang='lat' dir='ltr'><strong>qni</strong></span> <span class='ocrx_word' id='word_1_240' title='bbox 657 3538 718 3604; x_wconf 91' lang='lat' dir='ltr'><strong>sub</strong></span> <span class='ocrx_word' id='word_1_241' title='bbox 746 3540 815 3624; x_wconf 89' lang='lat' dir='ltr'><strong>ejus</strong></span> <span class='ocrx_word' id='word_1_242' title='bbox 837 3539 963 3604; x_wconf 91' lang='lat' dir='ltr'><strong>nomine</strong></span> <span class='ocrx_word' id='word_1_243' title='bbox 996 3536 1093 3602; x_wconf 89' lang='lat' dir='ltr'><strong>hodie</strong></span> <span class='ocrx_word' id='word_1_244' title='bbox 1124 3538 1292 3602; x_wconf 83' lang='lat' dir='ltr'><strong>circumfe-</strong></span> 
     </span>
     <span class='ocr_line' id='line_1_31' title="bbox 146 3648 1267 3736; baseline 0.003 -26"><span class='ocrx_word' id='word_1_245' title='bbox 146 3655 270 3730; x_wconf 90' lang='lat' dir='ltr'><strong>rentur,</strong></span> <span class='ocrx_word' id='word_1_246' title='bbox 295 3659 452 3732; x_wconf 87' lang='lat' dir='ltr'><strong>quaerant</strong></span> <span class='ocrx_word' id='word_1_247' title='bbox 474 3648 558 3712; x_wconf 87' lang='lat' dir='ltr'><strong>alii.“</strong></span> <span class='ocrx_word' id='word_1_248' title='bbox 1053 3729 1055 3736; x_wconf 17' lang='grc' dir='ltr'><strong><em>Α</em></strong></span> <span class='ocrx_word' id='word_1_249' title='bbox 1265 3717 1267 3722; x_wconf 65' lang='grc'><strong>,</strong></span> 
     </span>
     <span class='ocr_line' id='line_1_32' title="bbox 251 3761 1313 3857; baseline 0.002 -33"><span class='ocrx_word' id='word_1_250' title='bbox 251 3761 433 3828; x_wconf 81' lang='lat' dir='ltr'><strong>Lodoviccs</strong></span> <span class='ocrx_word' id='word_1_251' title='bbox 455 3762 694 3857; x_wconf 78' lang='lat' dir='ltr'><strong>Ellicaania</strong></span> <span class='ocrx_word' id='word_1_252' title='bbox 716 3761 950 3848; x_wconf 86' lang='lat' dir='ltr'><strong>(nat.·Parisiis</strong></span> <span class='ocrx_word' id='word_1_253' title='bbox 976 3763 1070 3845; x_wconf 83' lang='grc'><strong>1657,</strong></span> <span class='ocrx_word' id='word_1_254' title='bbox 1093 3765 1115 3847; x_wconf 67' lang='grc'><strong>1</strong></span> <span class='ocrx_word' id='word_1_255' title='bbox 1139 3764 1237 3847; x_wconf 88' lang='grc'><strong>1719)</strong></span> <span class='ocrx_word' id='word_1_256' title='bbox 1260 3763 1313 3826; x_wconf 63' lang='lat' dir='ltr'><strong>in1</strong></span> 
     </span>
     <span class='ocr_line' id='line_1_33' title="bbox 97 3871 1292 3950; baseline 0.005 -14"><span class='ocrx_word' id='word_1_257' title='bbox 97 3943 99 3948; x_wconf 55' lang='grc'><strong>,</strong></span> <span class='ocrx_word' id='word_1_258' title='bbox 144 3871 258 3948; x_wconf 82' lang='lat' dir='ltr'><strong>Nova¹</strong></span> <span class='ocrx_word' id='word_1_259' title='bbox 280 3872 487 3940; x_wconf 78' lang='lat' dir='ltr'><strong>Bibliotheca</strong></span> <span class='ocrx_word' id='word_1_260' title='bbox 523 3883 688 3948; x_wconf 84' lang='lat' dir='ltr'><strong>auctorum</strong></span> <span class='ocrx_word' id='word_1_261' title='bbox 725 3874 1014 3940; x_wconf 84' lang='lat' dir='ltr'><strong>ecclesiasticorum</strong></span> <span class='ocrx_word' id='word_1_262' title='bbox 1041 3883 1101 3938; x_wconf 90' lang='lat' dir='ltr'><strong>etc.</strong></span> <span class='ocrx_word' id='word_1_263' title='bbox 1137 3873 1292 3950; x_wconf 74' lang='lat' dir='ltr'><strong>Coloniae</strong></span> 
     </span>
     <span class='ocr_line' id='line_1_34' title="bbox 141 3983 1292 4074; baseline 0.002 -24"><span class='ocrx_word' id='word_1_264' title='bbox 141 3986 285 4072; x_wconf 86' lang='lat' dir='ltr'><strong>Agripp.</strong></span> <span class='ocrx_word' id='word_1_265' title='bbox 305 3988 392 4053; x_wconf 81' lang='lat'>1692</span> <span class='ocrx_word' id='word_1_266' title='bbox 406 3985 462 4052; x_wconf 82' lang='lat' dir='ltr'><strong>ed.</strong></span> <span class='ocrx_word' id='word_1_267' title='bbox 478 3986 674 4074; x_wconf 87' lang='lat' dir='ltr'><strong>Huguetana</strong></span> <span class='ocrx_word' id='word_1_268' title='bbox 696 3986 788 4052; x_wconf 82' lang='lat' dir='ltr'><strong>Tom.</strong></span> <span class='ocrx_word' id='word_1_269' title='bbox 802 3986 830 4050; x_wconf 92' lang='grc' dir='ltr'><strong>Ι.</strong></span> <span class='ocrx_word' id='word_1_270' title='bbox 853 4009 932 4073; x_wconf 79' lang='lat' dir='ltr'><strong>pag:</strong></span> <span class='ocrx_word' id='word_1_271' title='bbox 943 3987 1008 4052; x_wconf 84' lang='lat'><strong>313</strong></span> <span class='ocrx_word' id='word_1_272' title='bbox 1030 3983 1135 4050; x_wconf 78' lang='lat' dir='ltr'><strong>allatis</strong></span> <span class='ocrx_word' id='word_1_273' title='bbox 1158 3984 1292 4052; x_wconf 83' lang='lat' dir='ltr'><strong>aliorum</strong></span> 
     </span>
     <span class='ocr_line' id='line_1_35' title="bbox 143 4096 1292 4186; baseline -0.003 -23"><span class='ocrx_word' id='word_1_274' title='bbox 143 4099 330 4182; x_wconf 88' lang='lat' dir='ltr'><strong>sententiis,</strong></span> <span class='ocrx_word' id='word_1_275' title='bbox 369 4108 611 4178; x_wconf 62' lang='lat' dir='ltr'><strong>commemorem</strong></span> <span class='ocrx_word' id='word_1_276' title='bbox 649 4097 858 4162; x_wconf 89' lang='lat' dir='ltr'><strong>Ambrosium</strong></span> <span class='ocrx_word' id='word_1_277' title='bbox 895 4107 1130 4186; x_wconf 79' lang='lat' dir='ltr'><strong>antecessorem</strong></span> <span class='ocrx_word' id='word_1_278' title='bbox 1164 4096 1292 4184; x_wconf 85' lang='lat' dir='ltr'><strong>Siagrii,</strong></span> 
     </span>
     <span class='ocr_line' id='line_1_36' title="bbox 141 4206 1292 4295; baseline -0.001 -19"><span class='ocrx_word' id='word_1_279' title='bbox 141 4211 308 4278; x_wconf 89' lang='lat' dir='ltr'><strong>Zenonem</strong></span> <span class='ocrx_word' id='word_1_280' title='bbox 337 4208 527 4295; x_wconf 84' lang='lat' dir='ltr'><strong>designare:</strong></span> <span class='ocrx_word' id='word_1_281' title='bbox 559 4209 763 4275; x_wconf 86' lang='lat' dir='ltr'><strong>traditionem</strong></span> <span class='ocrx_word' id='word_1_282' title='bbox 786 4231 863 4294; x_wconf 87' lang='lat' dir='ltr'><strong>ergo</strong></span> <span class='ocrx_word' id='word_1_283' title='bbox 886 4206 1105 4272; x_wconf 87' lang='lat' dir='ltr'><strong>Veronensem</strong></span> <span class='ocrx_word' id='word_1_284' title='bbox 1128 4232 1292 4276; x_wconf 87' lang='lat' dir='ltr'><strong>erroneam</strong></span> 
     </span>
     <span class='ocr_line' id='line_1_37' title="bbox 142 4297 1292 4416; baseline -0.003 -24"><span class='ocrx_word' id='word_1_285' title='bbox 142 4347 225 4394; x_wconf 87' lang='lat' dir='ltr'><strong>esse.</strong></span> <span class='ocrx_word' id='word_1_286' title='bbox 264 4320 387 4416; x_wconf 69' lang='lat' dir='ltr'><strong>⁸Quod</strong></span> <span class='ocrx_word' id='word_1_287' title='bbox 424 4319 481 4386; x_wconf 89' lang='lat' dir='ltr'><strong>ad·</strong></span> <span class='ocrx_word' id='word_1_288' title='bbox 503 4319 654 4407; x_wconf 87' lang='lat' dir='ltr'><strong>Gregorii</strong></span> <span class='ocrx_word' id='word_1_289' title='bbox 690 4319 804 4384; x_wconf 81' lang='lat' dir='ltr'><strong>attinet</strong></span> <span class='ocrx_word' id='word_1_290' title='bbox 839 4317 1071 4404; x_wconf 88' lang='lat' dir='ltr'><strong>testimonium,</strong></span> <span class='ocrx_word' id='word_1_291' title='bbox 1112 4297 1292 4404; x_wconf 87' lang='lat' dir='ltr'><strong>arbitratur,</strong></span> 
     </span>
    </p>
   </div>
   <div class='ocr_carea' id='block_1_8' title="bbox 0 0 1510 4936">
    <p class='ocr_par' dir='ltr' id='par_1_8' title="bbox 0 0 1510 4936">
     <span class='ocr_line' id='line_1_38' title="bbox 0 0 1510 4936; baseline 0 0"><span class='ocrx_word' id='word_1_292' title='bbox 0 0 1510 4936; x_wconf 95' lang='lat' dir='ltr'><strong> </strong></span> 
     </span>
    </p>
   </div>
  </div>
 </body>
</html>
