3012 4936
657 269 740 363 ‚n

158 427 273 494 edictis
295 424 447 491 feralibus
470 424 614 516 liberati,
637 424 729 488 multi
752 423 989 490 conditionibus
1013 422 1101 488 duris
1121 413 1208 487 exuti
1224 445 1296 508 gra-

156 540 219 605 tias
242 546 351 624 agunt.
394 536 532 601 Vestrae
554 535 669 600 domus
692 536 869 622 peregrinis
896 535 1044 600 omnibus
1067 519 1202 620 patent:
1235 533 1296 599 sub

156 651 251 716 vobis
268 649 365 714 uivus
387 657 595 732 mortuusque
617 645 673 712 diu
695 669 858 731 nunquam
880 647 969 712 visus
992 655 1041 710 est
1062 645 1178 712 nudus.
1219 646 1295 712 Jarn

158 783 315 848 pauperes
338 760 439 825 nostri
460 759 610 825 alimenta
631 782 745 846 rogare
767 783 831 824 non
853 769 977 828 norunt.
1029 758 1106 846 Jam
1127 758 1243 824 viduae
1266 769 1301 824 et⁴

159 877 270 958 inopes
285 881 475 939 testamenta
491 872 674 938 conficiunt.
708 871 807 936 Plura
829 870 870 936 ad
892 871 1020 936 laudem
1042 870 1137 957 hujus
1159 870 1295 935 beatitu-

160 984 243 1049 dinis
265 993 389 1049 vestrae
411 1007 541 1069 possem
568 983 688 1068 dicere,
720 979 783 1049 nisi
805 983 918 1049 essetis
940 982 1013 1048 mei,
1057 982 1167 1048 Unum
1189 993 1296 1048 tamen

157 1119 233 1183 prae
248 1096 367 1182 gaudio
382 1104 487 1162 tacere
501 1120 566 1161 non
583 1102 727 1184 possum,
750 1095 943 1161 foenerando
958 1095 1175 1181 pauperibus·
1186 1117 1296 1160 omnes

158 1209 267 1295 copias
298 1208 450 1273 avaritiae
481 1209 629 1274 subactas
661 1219 802 1274 vestrum
830 1209 898 1273 sine
920 1199 1241 1272 invidiatransfertis
1263 1206 1295 1270 in

158 1325 320 1387 censum.“
369 1318 528 1385 Videmus
556 1322 650 1385 etiam
678 1345 719 1386 ex
746 1321 809 1385 alio
834 1320 907 1386 loeo
939 1319 1027 1405 (Lib.
1042 1318 1069 1382 I.
1092 1327 1184 1384 tract.
1199 1317 1296 1409 XIV,

143 1457 189 1522 n.
205 1435 235 1496 2.
258 1455 332 1517 pag.
350 1431 458 1515 loa),
491 1431 602 1506 fideles
634 1431 838 1496 Veronenses
868 1433 901 1494 in
935 1431 1023 1496 cultu
1056 1429 1165 1495 divino
1199 1430 1297 1494 titisse

159 1542 425 1625 studiosissimos,
449 1541 610 1608 collaudat
631 1543 715 1611 enim
738 1544 826 1608 Zeno
849 1565 958 1607 eorum
981 1541 1187 1624 alacritatem,
1210 1540 1296 1626 quod

132 1731 135 1736 Ι
159 1655 327 1720 ecclesiam
350 1677 466 1740 magno
489 1677 563 1720 cum
585 1656 716 1742 sumptu
739 1653 1027 1737 exaedificaverint,
1052 1662 1084 1720 et
1104 1654 1138 1717 in
1161 1677 1198 1718 ea
1220 1676 1295 1718 oon-

158 1767 282 1853 gregati
305 1763 369 1831 sint
398 1774 463 1830 tarn
494 1766 580 1832 felici
605 1791 752 1850 numero,
784 1775 820 1831 ut
842 1789 896 1834 eos
920 1789 1029 1832 omnes
1052 1765 1143 1830 locus
1165 1765 1221 1829 vix
1243 1777 1295 1830 oa-

158 1902 233 1964 pere
254 1877 372 1964 possit,
405 1901 444 1943 ex
467 1899 533 1963 quo
556 1879 801 1967 intelligendum
833 1901 903 1945 esse
934 1878 1031 1962 dicit,
1062 1875 1160 1943 fidem
1187 1901 1296 1943 eorum

159 2013 272 2074 capere
304 1990 423 2056 Deum.
455 2029 496 2037 -
545 1989 623 2057 Sine
659 1991 758 2056 dubio
795 1991 977 2076 eloquentia
1013 1991 1152 2056 Zenonis
1189 1991 1297 2076 magni

159 2101 325 2167 aestimata
347 2102 421 2184 fuit,
453 2125 526 2167 cum
548 2102 695 2169 videmus
719 2127 758 2168 ex
781 2107 850 2191 ejus
873 2102 1088 2186 sermonibus,
1116 2103 1212 2168 etiarn
1234 2101 1258 2167 J
1260 2126 1296 2166 u-

159 2214 256 2280 daeos
279 2222 311 2279 et
332 2213 477 2298 infideles
501 2224 533 2280 et
554 2214 684 2301 quidem
712 2215 826 2281 doctos
854 2213 1036 2306 cathedram
1065 2218 1133 2300 ejus
1161 2209 1311 2279 circum--

158 2325 287 2392 dedisse
310 2326 399 2411 (Lib.
415 2326 441 2390 I.
464 2335 556 2391 tract.
572 2327 635 2391 III.
656 2328 710 2392 De
732 2327 875 2414 pudic),
903 2335 935 2392 et
956 2327 1074 2392 multos
1098 2349 1206 2391 eorum
1229 2326 1298 2390 sine

159 2438 257 2504 dubio
284 2440 332 2503 vir
362 2437 453 2503 hicce
486 2436 529 2503 ad
560 2461 672 2504 verum
703 2439 767 2504 Dei
799 2439 920 2504 cultum
952 2439 1121 2520 convertit,
1155 2438 1231 2522 quia
1257 2437 1297 2502 de

158 2549 328 2635 neophytis
365 2558 594 2644 commemorat
630 2549 719 2634 (Lib.
743 2549 788 2613 Π.
815 2559 906 2614 tract.
929 2549 1101 2613 XXXIII.
1140 2558 1171 2612 ot
1195 2540 1298 2612 tract.

159 2660 285 2746 XLII.)
320 2683 375 2725 eos
412 2683 562 2746 ,genera
599 2666 735 2741 aetate„
759 2682 856 2740 sexu,
894 2659 1076 2724 conditione
1108 2667 1139 2724 et
1171 2659 1299 2722 natione

162 2771 267 2856 (tract.
289 2770 512 2857 XXXVHI.)
535 2793 605 2836 esse
628 2769 802 2836 diversos.“
845 2771 927 2857 Ejus
949 2771 994 2836 rei
1018 2793 1115 2836 causa
1136 2769 1300 2856 praedicat

159 2883 255 2948 etiam
278 2881 318 2947 de
341 2905 379 2948 eo
400 2883 593 2969 Anonymus
616 2883 804 2978 Bipinianus
827 2885 859 2947 in
883 2893 1058 2948 memorato
1082 2883 1234 2947 carmine:

261 2993 348 3076 „Qui
362 2993 525 3059 Veronam
540 2993 756 3080 praedicando
778 2993 930 3081 perduxit
952 2993 994 3060 ad
1014 2995 1240 3080 baptismunr.“
1256 3034 1298 3042 —

157 3106 197 3170 In
217 3105 407 3171 tractatibus
431 3106 513 3188 suiS,
541 3104 726 3192 episcopus
743 3116 853 3171 noster
883 3107 1070 3192 saepissime
1093 3105 1135 3170 ad
1157 3106 1298 3191 virgines

94 3305 97 3311 .
159 3217 232 3282 Deo
263 3216 384 3282 dicatas
412 3217 510 3282 verba
531 3217 609 3282 facit
631 3225 662 3281 et
684 3217 717 3279 in
740 3216 772 3284 S.
796 3217 962 3284 Ambrosii
985 3217 1077 3302 epist.
1092 3212 1187 3281 Vsn.
1203 3219 1233 3285 9.
1256 3215 1299 3282 ad

158 3327 319 3414 Siagrium
352 3329 586 3412 (successorem
608 3329 748 3394 Zenonis
775 3329 808 3393 in
831 3328 907 3394 sede
929 3327 1125 3415 Veronensi)
1153 3327 1297 3394 testimo-

157 3439 245 3503 nium
275 3440 474 3523 invenimus,
506 3439 654 3540 Vegtnae
686 3441 746 3505 sub
769 3441 907 3506 Zenonis
935 3441 1090 3527 regimine
1112 3441 1211 3506 fuisse
1233 3440 1297 3503 vir-

158 3551 268 3635 gines,
290 3560 360 3616 tum
382 3551 416 3615 in
438 3551 632 3640 monasterio
654 3551 753 3616 vitam
776 3551 949 3639 degenteS,
975 3560 1044 3616 tum
1067 3553 1221 3637 religione
1244 3573 1297 3614 oa·
1415 3563 1421 3570 “

159 3661 274 3727 stitatis
298 3663 365 3728 voti
387 3662 556 3730 obstrictas
579 3662 613 3726 in
634 3661 766 3748 privatis
789 3662 969 3729 habitantes
991 3662 1162 3728 domiciliis
1169 3687 1177 3741 ;
1201 3685 1298 3746 quare

159 3773 227 3837 sine
257 3774 455 3840 dubitatione
487 3774 591 3860 accipi
624 3782 749 3860 potest,
780 3775 919 3861 primum
950 3774 1049 3841 fuisse
1071 3773 1232 3839 Zenonem
1265 3774 1298 3836 in
1365 3812 1368 3819 -

159 3881 362 3950 Occidentali
385 3885 530 3968 ecelesia,
554 3887 610 3970 qui
633 3885 786 3950 coenobia
808 3886 1035 3952 monacharum
1057 3884 1297 3949 institueret.—

160 3993 258 4077 Quod
280 3995 322 4060 ad
345 3997 465 4062 clerum
488 4001 555 4084 ejus
583 3997 710 4080 attinet,
740 3997 776 4062 id
798 4007 921 4063 tanturn
945 4021 985 4062 ex
1007 4001 1075 4084 ejus
1098 3996 1298 4062 sermonibus

158 4105 247 4191 (Lib.
261 4106 289 4174 I.
313 4107 418 4173 Traot.
434 4109 530 4174 XVI.
553 4133 584 4174 n.
602 4110 632 4175 6.
676 4107 751 4174 Lib.
766 4109 813 4176 II.
835 4109 941 4178 Tract.
961 4109 1017 4193 1..)
1044 4108 1154 4194 colligi
1181 4117 1297 4195 potest,
1384 4124 1387 4130 '

156 4219 308 4285 habuisse
339 4242 413 4284 eum
444 4220 603 4286 variorum
641 4219 789 4287 ordinum
828 4220 971 4286 clericos.
1026 4219 1102 4306 Ipse
1139 4220 1228 4305 (Lib.
1252 4219 1297 4287 H.

158 4330 263 4396 Tract.
285 4331 430 4417 XLIV.)
452 4354 543 4398 suam
564 4341 785 4420 paupertatem
806 4333 938 4414 fatetur,
971 4332 1005 4395 in
1027 4353 1091 4416 qua
1113 4330 1205 4395 multi
1228 4334 1296 4416 ejus
