<?xml version="1.0" encoding="UTF-8"?>
<!DOCTYPE html PUBLIC "-//W3C//DTD XHTML 1.0 Transitional//EN"
    "http://www.w3.org/TR/xhtml1/DTD/xhtml1-transitional.dtd">
<html xmlns="http://www.w3.org/1999/xhtml" xml:lang="en" lang="en">
 <head>
  <title>
</title>
<meta http-equiv="Content-Type" content="text/html;charset=utf-8" />
  <meta name='ocr-system' content='tesseract 3.04.00' />
  <meta name='ocr-capabilities' content='ocr_page ocr_carea ocr_par ocr_line ocrx_word'/>
</head>
<body>
  <div class='ocr_page' id='page_1' title='image "./zenoveronensise00jazdgoog_0044.png"; bbox 0 0 3012 4936; ppageno 0'>
   <div class='ocr_carea' id='block_1_1' title="bbox 699 271 737 334">
    <p class='ocr_par' dir='ltr' id='par_1_1' title="bbox 699 271 737 334">
     <span class='ocr_line' id='line_1_1' title="bbox 699 271 737 334; baseline 0.053 -2"><span class='ocrx_word' id='word_1_1' title='bbox 699 271 737 334; x_wconf 76' lang='grc'>39</span> 
     </span>
    </p>
   </div>
   <div class='ocr_carea' id='block_1_2' title="bbox 251 425 1354 527">
    <p class='ocr_par' dir='ltr' id='par_1_2' title="bbox 251 425 1354 527">
     <span class='ocr_line' id='line_1_2' title="bbox 251 425 1354 527; baseline -0.002 -33"><span class='ocrx_word' id='word_1_2' title='bbox 251 429 360 494; x_wconf 82' lang='lat' dir='ltr'>Etiam</span> <span class='ocrx_word' id='word_1_3' title='bbox 376 428 431 492; x_wconf 87' lang='lat' dir='ltr'>illa</span> <span class='ocrx_word' id='word_1_4' title='bbox 446 427 567 492; x_wconf 86' lang='lat' dir='ltr'>ironica</span> <span class='ocrx_word' id='word_1_5' title='bbox 582 426 754 513; x_wconf 84' lang='lat' dir='ltr'>appellatio</span> <span class='ocrx_word' id='word_1_6' title='bbox 769 453 800 492; x_wconf 93' lang='lat' dir='ltr'>n.</span> <span class='ocrx_word' id='word_1_7' title='bbox 813 431 843 494; x_wconf 90' lang='lat'>3.</span> <span class='ocrx_word' id='word_1_8' title='bbox 860 451 932 514; x_wconf 86' lang='lat' dir='ltr'>pag.</span> <span class='ocrx_word' id='word_1_9' title='bbox 953 429 1012 494; x_wconf 79' lang='lat'>158</span> <span class='ocrx_word' id='word_1_10' title='bbox 1038 430 1177 514; x_wconf 87' lang='lat' dir='ltr'>„optime</span> <span class='ocrx_word' id='word_1_11' title='bbox 1192 425 1288 496; x_wconf 89' lang='lat' dir='ltr'>Chri·</span> <span class='ocrx_word' id='word_1_12' title='bbox 1349 514 1354 527; x_wconf 75' lang='lat'>.</span> 
     </span>
    </p>
   </div>
   <div class='ocr_carea' id='block_1_3' title="bbox 142 538 1292 1855">
    <p class='ocr_par' dir='ltr' id='par_1_3' title="bbox 142 538 1292 1855">
     <span class='ocr_line' id='line_1_3' title="bbox 142 538 1288 624; baseline -0.002 -16"><span class='ocrx_word' id='word_1_13' title='bbox 142 543 271 608; x_wconf 83' lang='lat' dir='ltr'>stiane“</span> <span class='ocrx_word' id='word_1_14' title='bbox 289 538 518 624; x_wconf 75' lang='lat' dir='ltr'>correspondet</span> <span class='ocrx_word' id='word_1_15' title='bbox 533 562 605 604; x_wconf 86' lang='lat' dir='ltr'>cum</span> <span class='ocrx_word' id='word_1_16' title='bbox 622 539 755 604; x_wconf 87' lang='lat' dir='ltr'>aliorum</span> <span class='ocrx_word' id='word_1_17' title='bbox 771 541 903 605; x_wconf 88' lang='lat' dir='ltr'>Patrum</span> <span class='ocrx_word' id='word_1_18' title='bbox 919 540 1048 606; x_wconf 83' lang='lat' dir='ltr'>ironicis</span> <span class='ocrx_word' id='word_1_19' title='bbox 1063 541 1288 622; x_wconf 81' lang='lat' dir='ltr'>locutionibus,</span> 
     </span>
     <span class='ocr_line' id='line_1_4' title="bbox 145 650 1289 738; baseline -0.003 -19"><span class='ocrx_word' id='word_1_20' title='bbox 145 654 268 738; x_wconf 86' lang='lat' dir='ltr'>quibus</span> <span class='ocrx_word' id='word_1_21' title='bbox 300 653 400 718; x_wconf 88' lang='lat' dir='ltr'>Arius</span> <span class='ocrx_word' id='word_1_22' title='bbox 437 650 674 736; x_wconf 81' lang='lat' dir='ltr'>designabatur.</span> <span class='ocrx_word' id='word_1_23' title='bbox 718 652 818 718; x_wconf 86' lang='lat' dir='ltr'>Arius</span> <span class='ocrx_word' id='word_1_24' title='bbox 834 691 837 700; x_wconf 68' lang='lat'>.</span> <span class='ocrx_word' id='word_1_25' title='bbox 852 652 936 718; x_wconf 89' lang='lat' dir='ltr'>enim</span> <span class='ocrx_word' id='word_1_26' title='bbox 967 675 1088 738; x_wconf 87' lang='lat' dir='ltr'>negans</span> <span class='ocrx_word' id='word_1_27' title='bbox 1123 652 1289 722; x_wconf 77' lang='lat' dir='ltr'>Christum</span> 
     </span>
     <span class='ocr_line' id='line_1_5' title="bbox 145 749 1288 850; baseline -0.001 -21"><span class='ocrx_word' id='word_1_28' title='bbox 145 766 258 830; x_wconf 87' lang='lat' dir='ltr'>Deum</span> <span class='ocrx_word' id='word_1_29' title='bbox 285 787 393 829; x_wconf 88' lang='lat' dir='ltr'>verum</span> <span class='ocrx_word' id='word_1_30' title='bbox 421 786 506 845; x_wconf 86' lang='lat' dir='ltr'>esse,</span> <span class='ocrx_word' id='word_1_31' title='bbox 534 749 725 828; x_wconf 84' lang='lat' dir='ltr'>aPatribus</span> <span class='ocrx_word' id='word_1_32' title='bbox 752 765 889 828; x_wconf 87' lang='lat' dir='ltr'>nominis</span> <span class='ocrx_word' id='word_1_33' title='bbox 914 761 1089 832; x_wconf 87' lang='lat' dir='ltr'>Christiani</span> <span class='ocrx_word' id='word_1_34' title='bbox 1120 765 1213 850; x_wconf 91' lang='lat' dir='ltr'>plane</span> <span class='ocrx_word' id='word_1_35' title='bbox 1241 764 1288 828; x_wconf 91' lang='lat' dir='ltr'>in-</span> 
     </span>
     <span class='ocr_line' id='line_1_6' title="bbox 147 853 1288 964; baseline -0.002 -22"><span class='ocrx_word' id='word_1_36' title='bbox 147 875 267 964; x_wconf 84' lang='lat' dir='ltr'>dignus</span> <span class='ocrx_word' id='word_1_37' title='bbox 286 874 448 962; x_wconf 80' lang='lat' dir='ltr'>judicatus</span> <span class='ocrx_word' id='word_1_38' title='bbox 471 883 529 940; x_wconf 87' lang='lat' dir='ltr'>est.</span> <span class='ocrx_word' id='word_1_39' title='bbox 574 875 708 957; x_wconf 72' lang='lat' dir='ltr'>Lucifer</span> <span class='ocrx_word' id='word_1_40' title='bbox 736 875 954 959; x_wconf 79' lang='lat' dir='ltr'>Caloritaarr-s,</span> <span class='ocrx_word' id='word_1_41' title='bbox 989 877 1045 960; x_wconf 85' lang='lat' dir='ltr'>qui</span> <span class='ocrx_word' id='word_1_42' title='bbox 1078 853 1288 942; x_wconf 83' lang='lat' dir='ltr'>vehementis·</span> 
     </span>
     <span class='ocr_line' id='line_1_7' title="bbox 147 985 1290 1074; baseline -0.003 -21"><span class='ocrx_word' id='word_1_43' title='bbox 147 988 250 1053; x_wconf 87' lang='lat' dir='ltr'>simus</span> <span class='ocrx_word' id='word_1_44' title='bbox 285 986 416 1071; x_wconf 90' lang='lat' dir='ltr'>quidem</span> <span class='ocrx_word' id='word_1_45' title='bbox 447 986 522 1068; x_wconf 86' lang='lat' dir='ltr'>fuit,</span> <span class='ocrx_word' id='word_1_46' title='bbox 553 985 588 1049; x_wconf 92' lang='lat' dir='ltr'>in</span> <span class='ocrx_word' id='word_1_47' title='bbox 618 986 711 1072; x_wconf 88' lang='lat' dir='ltr'>epist.</span> <span class='ocrx_word' id='word_1_48' title='bbox 743 985 784 1052; x_wconf 88' lang='lat' dir='ltr'>ad</span> <span class='ocrx_word' id='word_1_49' title='bbox 807 985 976 1054; x_wconf 87' lang='lat' dir='ltr'>Constant.</span> <span class='ocrx_word' id='word_1_50' title='bbox 1011 1010 1069 1074; x_wconf 91' lang='lat' dir='ltr'>pro</span> <span class='ocrx_word' id='word_1_51' title='bbox 1092 987 1213 1052; x_wconf 90' lang='lat' dir='ltr'>Athan.</span> <span class='ocrx_word' id='word_1_52' title='bbox 1240 1010 1290 1072; x_wconf 90' lang='lat' dir='ltr'>ap.</span> 
     </span>
     <span class='ocr_line' id='line_1_8' title="bbox 147 1095 1291 1187; baseline -0.003 -22"><span class='ocrx_word' id='word_1_53' title='bbox 147 1096 301 1165; x_wconf 89' lang='lat' dir='ltr'>Galland.</span> <span class='ocrx_word' id='word_1_54' title='bbox 325 1098 417 1164; x_wconf 85' lang='lat' dir='ltr'>Tum.</span> <span class='ocrx_word' id='word_1_55' title='bbox 432 1098 475 1164; x_wconf 89' lang='lat' dir='ltr'>V.</span> <span class='ocrx_word' id='word_1_56' title='bbox 497 1097 572 1163; x_wconf 89' lang='lat' dir='ltr'>Lib.</span> <span class='ocrx_word' id='word_1_57' title='bbox 591 1097 619 1164; x_wconf 91' lang='lat' dir='ltr'>I.</span> <span class='ocrx_word' id='word_1_58' title='bbox 646 1122 677 1162; x_wconf 90' lang='lat' dir='ltr'>n.</span> <span class='ocrx_word' id='word_1_59' title='bbox 697 1097 826 1163; x_wconf 88' lang='lat' dir='ltr'>XLIII.</span> <span class='ocrx_word' id='word_1_60' title='bbox 854 1123 928 1187; x_wconf 86' lang='lat' dir='ltr'>pag.</span> <span class='ocrx_word' id='word_1_61' title='bbox 951 1101 1012 1166; x_wconf 83' lang='lat'>173</span> <span class='ocrx_word' id='word_1_62' title='bbox 1047 1099 1137 1165; x_wconf 83' lang='lat' dir='ltr'>dicit:</span> <span class='ocrx_word' id='word_1_63' title='bbox 1185 1095 1291 1180; x_wconf 86' lang='lat' dir='ltr'>„Cum</span> 
     </span>
     <span class='ocr_line' id='line_1_9' title="bbox 146 1210 1291 1298; baseline 0.002 -24"><span class='ocrx_word' id='word_1_64' title='bbox 146 1211 247 1298; x_wconf 87' lang='lat' dir='ltr'>igitur</span> <span class='ocrx_word' id='word_1_65' title='bbox 285 1210 355 1276; x_wconf 87' lang='lat' dir='ltr'>sitis</span> <span class='ocrx_word' id='word_1_66' title='bbox 392 1211 511 1276; x_wconf 81' lang='lat' dir='ltr'>Ariani</span> <span class='ocrx_word' id='word_1_67' title='bbox 542 1210 721 1292; x_wconf 86' lang='lat' dir='ltr'>inhumani,</span> <span class='ocrx_word' id='word_1_68' title='bbox 759 1210 865 1297; x_wconf 88' lang='lat' dir='ltr'>impii,</span> <span class='ocrx_word' id='word_1_69' title='bbox 903 1210 1063 1294; x_wconf 83' lang='lat' dir='ltr'>crudeles,</span> <span class='ocrx_word' id='word_1_70' title='bbox 1100 1210 1291 1293; x_wconf 82' lang='lat' dir='ltr'>homicidae,</span> 
     </span>
     <span class='ocr_line' id='line_1_10' title="bbox 147 1319 1291 1409; baseline 0.001 -22"><span class='ocrx_word' id='word_1_71' title='bbox 147 1321 312 1406; x_wconf 90' lang='lat' dir='ltr'>quomodo</span> <span class='ocrx_word' id='word_1_72' title='bbox 351 1319 528 1388; x_wconf 87' lang='lat' dir='ltr'>Christiani</span> <span class='ocrx_word' id='word_1_73' title='bbox 567 1320 636 1385; x_wconf 78' lang='lat' dir='ltr'>diei·</span> <span class='ocrx_word' id='word_1_74' title='bbox 668 1320 855 1406; x_wconf 85' lang='lat' dir='ltr'>poteritis?“</span> <span class='ocrx_word' id='word_1_75' title='bbox 901 1346 933 1387; x_wconf 90' lang='lat' dir='ltr'>n.</span> <span class='ocrx_word' id='word_1_76' title='bbox 962 1323 1088 1390; x_wconf 86' lang='lat' dir='ltr'>XLVI.</span> <span class='ocrx_word' id='word_1_77' title='bbox 1126 1346 1200 1409; x_wconf 85' lang='lat' dir='ltr'>pag.</span> <span class='ocrx_word' id='word_1_78' title='bbox 1231 1323 1291 1388; x_wconf 83' lang='lat'>174</span> 
     </span>
     <span class='ocr_line' id='line_1_11' title="bbox 148 1430 1290 1520; baseline 0.003 -24"><span class='ocrx_word' id='word_1_79' title='bbox 148 1443 183 1497; x_wconf 90' lang='lat' dir='ltr'>et</span> <span class='ocrx_word' id='word_1_80' title='bbox 204 1432 312 1498; x_wconf 89' lang='lat' dir='ltr'>multis</span> <span class='ocrx_word' id='word_1_81' title='bbox 344 1431 415 1497; x_wconf 89' lang='lat' dir='ltr'>aliis</span> <span class='ocrx_word' id='word_1_82' title='bbox 445 1432 543 1516; x_wconf 85' lang='lat' dir='ltr'>louis,</span> <span class='ocrx_word' id='word_1_83' title='bbox 577 1432 632 1498; x_wconf 92' lang='lat' dir='ltr'>nbi</span> <span class='ocrx_word' id='word_1_84' title='bbox 666 1431 918 1514; x_wconf 83' lang='lat' dir='ltr'>„idololatriam“</span> <span class='ocrx_word' id='word_1_85' title='bbox 946 1443 1041 1500; x_wconf 78' lang='lat' dir='ltr'>vocat</span> <span class='ocrx_word' id='word_1_86' title='bbox 1062 1435 1134 1499; x_wconf 83' lang='lat' dir='ltr'>Arii</span> <span class='ocrx_word' id='word_1_87' title='bbox 1161 1430 1290 1520; x_wconf 87' lang='lat' dir='ltr'>religio·</span> 
     </span>
     <span class='ocr_line' id='line_1_12' title="bbox 148 1543 1292 1631; baseline 0 -23"><span class='ocrx_word' id='word_1_88' title='bbox 148 1568 223 1609; x_wconf 89' lang='lat' dir='ltr'>nem</span> <span class='ocrx_word' id='word_1_89' title='bbox 261 1568 287 1609; x_wconf 92' lang='lat' dir='ltr'>e.</span> <span class='ocrx_word' id='word_1_90' title='bbox 325 1567 373 1630; x_wconf 89' lang='lat' dir='ltr'>gr.</span> <span class='ocrx_word' id='word_1_91' title='bbox 400 1543 475 1608; x_wconf 91' lang='lat' dir='ltr'>Lib.</span> <span class='ocrx_word' id='word_1_92' title='bbox 504 1543 532 1609; x_wconf 95' lang='lat' dir='ltr'>I.</span> <span class='ocrx_word' id='word_1_93' title='bbox 565 1567 596 1610; x_wconf 92' lang='lat' dir='ltr'>n.</span> <span class='ocrx_word' id='word_1_94' title='bbox 620 1545 650 1609; x_wconf 78' lang='lat'>2.</span> <span class='ocrx_word' id='word_1_95' title='bbox 687 1566 762 1628; x_wconf 87' lang='lat' dir='ltr'>pag.</span> <span class='ocrx_word' id='word_1_96' title='bbox 788 1545 849 1610; x_wconf 77' lang='lat'>176</span> <span class='ocrx_word' id='word_1_97' title='bbox 881 1553 941 1610; x_wconf 85' lang='lat' dir='ltr'>eto.</span> <span class='ocrx_word' id='word_1_98' title='bbox 996 1545 1077 1631; x_wconf 85' lang='lat' dir='ltr'>Ejus</span> <span class='ocrx_word' id='word_1_99' title='bbox 1113 1547 1159 1612; x_wconf 88' lang='lat' dir='ltr'>rei</span> <span class='ocrx_word' id='word_1_100' title='bbox 1179 1555 1292 1612; x_wconf 84' lang='lat' dir='ltr'>&#39;causa</span> 
     </span>
     <span class='ocr_line' id='line_1_13' title="bbox 149 1651 1291 1744; baseline -0.001 -22"><span class='ocrx_word' id='word_1_101' title='bbox 149 1657 246 1722; x_wconf 86' lang='lat' dir='ltr'>etiam</span> <span class='ocrx_word' id='word_1_102' title='bbox 266 1651 515 1744; x_wconf 73' lang='lat' dir='ltr'>Amphilochius</span> <span class='ocrx_word' id='word_1_103' title='bbox 530 1656 628 1742; x_wconf 84' lang='lat' dir='ltr'>episc.</span> <span class='ocrx_word' id='word_1_104' title='bbox 655 1655 842 1720; x_wconf 86' lang='lat' dir='ltr'>Iconnensis</span> <span class='ocrx_word' id='word_1_105' title='bbox 865 1655 952 1743; x_wconf 89' lang='lat' dir='ltr'>apn&#39;d</span> <span class='ocrx_word' id='word_1_106' title='bbox 967 1656 1118 1724; x_wconf 87' lang='lat' dir='ltr'>Gelland.</span> <span class='ocrx_word' id='word_1_107' title='bbox 1142 1657 1233 1722; x_wconf 84' lang='lat' dir='ltr'>Tum.</span> <span class='ocrx_word' id='word_1_108' title='bbox 1249 1657 1291 1722; x_wconf 91' lang='lat' dir='ltr'>V.</span> 
     </span>
     <span class='ocr_line' id='line_1_14' title="bbox 148 1765 1290 1855; baseline 0 -21"><span class='ocrx_word' id='word_1_109' title='bbox 148 1793 180 1834; x_wconf 93' lang='lat' dir='ltr'>n.</span> <span class='ocrx_word' id='word_1_110' title='bbox 211 1770 241 1833; x_wconf 88' lang='lat'>3.</span> <span class='ocrx_word' id='word_1_111' title='bbox 273 1792 347 1855; x_wconf 86' lang='lat' dir='ltr'>pag.</span> <span class='ocrx_word' id='word_1_112' title='bbox 377 1769 451 1834; x_wconf 82' lang='lat'>509.</span> <span class='ocrx_word' id='word_1_113' title='bbox 486 1765 558 1832; x_wconf 90' lang='lat' dir='ltr'>adv.</span> <span class='ocrx_word' id='word_1_114' title='bbox 591 1767 721 1850; x_wconf 88' lang='lat' dir='ltr'>Arium,</span> <span class='ocrx_word' id='word_1_115' title='bbox 762 1766 957 1832; x_wconf 84' lang='lat' dir='ltr'>Eunomium</span> <span class='ocrx_word' id='word_1_116' title='bbox 995 1779 1027 1833; x_wconf 85' lang='lat' dir='ltr'>et</span> <span class='ocrx_word' id='word_1_117' title='bbox 1063 1767 1290 1834; x_wconf 86' lang='lat' dir='ltr'>Macedonium</span> 
     </span>
    </p>
   </div>
   <div class='ocr_carea' id='block_1_4' title="bbox 149 1872 1413 2078">
    <p class='ocr_par' dir='ltr' id='par_1_4' title="bbox 149 1872 1413 2078">
     <span class='ocr_line' id='line_1_15' title="bbox 149 1872 1413 1966; baseline -0.001 -20"><span class='ocrx_word' id='word_1_118' title='bbox 149 1881 327 1946; x_wconf 80' lang='lat' dir='ltr'>haereticos</span> <span class='ocrx_word' id='word_1_119' title='bbox 351 1881 409 1946; x_wconf 88' lang='lat' dir='ltr'>hos</span> <span class='ocrx_word' id='word_1_120' title='bbox 432 1880 526 1966; x_wconf 91' lang='lat' dir='ltr'>plane</span> <span class='ocrx_word' id='word_1_121' title='bbox 549 1903 589 1945; x_wconf 84' lang='lat' dir='ltr'>ex</span> <span class='ocrx_word' id='word_1_122' title='bbox 612 1879 687 1944; x_wconf 86' lang='lat' dir='ltr'>ovili</span> <span class='ocrx_word' id='word_1_123' title='bbox 711 1877 833 1948; x_wconf 81' lang='lat' dir='ltr'>Christi</span> <span class='ocrx_word' id='word_1_124' title='bbox 857 1879 1009 1964; x_wconf 81' lang='lat' dir='ltr'>excludit,</span> <span class='ocrx_word' id='word_1_125' title='bbox 1032 1904 1150 1946; x_wconf 80' lang='lat' dir='ltr'>vocans</span> <span class='ocrx_word' id='word_1_126' title='bbox 1173 1903 1228 1946; x_wconf 89' lang='lat' dir='ltr'>eos</span> <span class='ocrx_word' id='word_1_127' title='bbox 1245 1887 1292 1962; x_wconf 82' lang='lat' dir='ltr'>„ol</span> <span class='ocrx_word' id='word_1_128' title='bbox 1404 1872 1413 1884; x_wconf 70' lang='lat'><strong><em>‘</em></strong></span> 
     </span>
     <span class='ocr_line' id='line_1_16' title="bbox 150 1991 1336 2078; baseline 0.003 -21"><span class='ocrx_word' id='word_1_129' title='bbox 150 1995 233 2058; x_wconf 83' lang='grc' dir='ltr'><em>λόκοι</em></span> <span class='ocrx_word' id='word_1_130' title='bbox 260 1997 312 2074; x_wconf 80' lang='grc' dir='ltr'><em>τῆς</em></span> <span class='ocrx_word' id='word_1_131' title='bbox 334 1997 489 2078; x_wconf 64' lang='grc' dir='ltr'><em>Ἄραβιαςθ</em></span> <span class='ocrx_word' id='word_1_132' title='bbox 517 1991 639 2056; x_wconf 86' lang='lat' dir='ltr'>habens</span> <span class='ocrx_word' id='word_1_133' title='bbox 661 1991 693 2055; x_wconf 91' lang='lat' dir='ltr'>in</span> <span class='ocrx_word' id='word_1_134' title='bbox 716 2001 835 2074; x_wconf 87' lang='lat' dir='ltr'>mente,</span> <span class='ocrx_word' id='word_1_135' title='bbox 864 2001 899 2056; x_wconf 90' lang='lat' dir='ltr'>ut</span> <span class='ocrx_word' id='word_1_136' title='bbox 921 1991 1014 2058; x_wconf 88' lang='lat' dir='ltr'>nobis</span> <span class='ocrx_word' id='word_1_137' title='bbox 1037 1991 1163 2058; x_wconf 90' lang='lat' dir='ltr'>videtur</span> <span class='ocrx_word' id='word_1_138' title='bbox 1195 1992 1293 2058; x_wconf 85' lang='lat' dir='ltr'>verba</span> <span class='ocrx_word' id='word_1_139' title='bbox 1334 2055 1336 2060; x_wconf 83' lang='grc'>.</span> 
     </span>
    </p>
   </div>
   <div class='ocr_carea' id='block_1_5' title="bbox 126 2101 1295 3413">
    <p class='ocr_par' dir='ltr' id='par_1_5' title="bbox 126 2101 1295 3413">
     <span class='ocr_line' id='line_1_17' title="bbox 149 2101 1291 2190; baseline 0 -22"><span class='ocrx_word' id='word_1_140' title='bbox 149 2103 309 2168; x_wconf 89' lang='lat' dir='ltr'>Hababuo</span> <span class='ocrx_word' id='word_1_141' title='bbox 330 2104 358 2167; x_wconf 93' lang='lat' dir='ltr'>I.</span> <span class='ocrx_word' id='word_1_142' title='bbox 387 2107 480 2189; x_wconf 86' lang='lat' dir='ltr'>juxta</span> <span class='ocrx_word' id='word_1_143' title='bbox 501 2101 629 2166; x_wconf 85' lang='lat' dir='ltr'>LXX:</span> <span class='ocrx_word' id='word_1_144' title='bbox 675 2103 882 2184; x_wconf 83' lang='lat' dir='ltr'>„Velooiores</span> <span class='ocrx_word' id='word_1_145' title='bbox 920 2103 1004 2190; x_wconf 88' lang='lat' dir='ltr'>lupis</span> <span class='ocrx_word' id='word_1_146' title='bbox 1042 2105 1181 2170; x_wconf 88' lang='lat' dir='ltr'>Arabiae</span> <span class='ocrx_word' id='word_1_147' title='bbox 1218 2105 1291 2189; x_wconf 92' lang='lat' dir='ltr'>(pro</span> 
     </span>
     <span class='ocr_line' id='line_1_18' title="bbox 149 2214 1292 2303; baseline -0.001 -22"><span class='ocrx_word' id='word_1_148' title='bbox 149 2217 349 2303; x_wconf 85' lang='lat' dir='ltr'>vespertinis,</span> <span class='ocrx_word' id='word_1_149' title='bbox 374 2216 456 2280; x_wconf 89' lang='lat' dir='ltr'>utin</span> <span class='ocrx_word' id='word_1_150' title='bbox 472 2214 613 2301; x_wconf 83' lang='lat' dir='ltr'>Vulgata</span> <span class='ocrx_word' id='word_1_151' title='bbox 635 2214 818 2301; x_wconf 83' lang='lat' dir='ltr'>legimus).“</span> <span class='ocrx_word' id='word_1_152' title='bbox 866 2215 973 2299; x_wconf 75' lang='lat' dir='ltr'>Quod¹</span> <span class='ocrx_word' id='word_1_153' title='bbox 988 2225 1094 2282; x_wconf 88' lang='lat' dir='ltr'>autem</span> <span class='ocrx_word' id='word_1_154' title='bbox 1116 2226 1181 2280; x_wconf 91' lang='lat' dir='ltr'>tam</span> <span class='ocrx_word' id='word_1_155' title='bbox 1197 2238 1292 2298; x_wconf 84' lang='lat' dir='ltr'>saepe</span> 
     </span>
     <span class='ocr_line' id='line_1_19' title="bbox 149 2327 1293 2413; baseline -0.002 -21"><span class='ocrx_word' id='word_1_156' title='bbox 149 2327 236 2413; x_wconf 89' lang='lat' dir='ltr'>apud</span> <span class='ocrx_word' id='word_1_157' title='bbox 273 2329 385 2394; x_wconf 88' lang='lat' dir='ltr'>Patres</span> <span class='ocrx_word' id='word_1_158' title='bbox 423 2327 560 2392; x_wconf 85' lang='lat' dir='ltr'>ironicas</span> <span class='ocrx_word' id='word_1_159' title='bbox 598 2327 777 2392; x_wconf 86' lang='lat' dir='ltr'>invenimus</span> <span class='ocrx_word' id='word_1_160' title='bbox 811 2329 1010 2412; x_wconf 74' lang='lat' dir='ltr'>mentiones,</span> <span class='ocrx_word' id='word_1_161' title='bbox 1056 2351 1138 2413; x_wconf 88' lang='lat' dir='ltr'>quae</span> <span class='ocrx_word' id='word_1_162' title='bbox 1183 2336 1293 2392; x_wconf 88' lang='lat' dir='ltr'>contra</span> 
     </span>
     <span class='ocr_line' id='line_1_20' title="bbox 151 2425 1293 2530; baseline -0.003 -24"><span class='ocrx_word' id='word_1_163' title='bbox 151 2425 433 2530; x_wconf 82' lang='lat' dir='ltr'>Christianismum</span> <span class='ocrx_word' id='word_1_164' title='bbox 466 2439 539 2505; x_wconf 87' lang='lat' dir='ltr'>Arii</span> <span class='ocrx_word' id='word_1_165' title='bbox 572 2438 722 2522; x_wconf 89' lang='lat' dir='ltr'>tendunt,</span> <span class='ocrx_word' id='word_1_166' title='bbox 757 2439 858 2525; x_wconf 89' lang='lat' dir='ltr'>ipsius</span> <span class='ocrx_word' id='word_1_167' title='bbox 886 2441 958 2504; x_wconf 86' lang='lat' dir='ltr'>Arii</span> <span class='ocrx_word' id='word_1_168' title='bbox 991 2441 1164 2506; x_wconf 83' lang='lat' dir='ltr'>effecerunt</span> <span class='ocrx_word' id='word_1_169' title='bbox 1196 2438 1293 2504; x_wconf 85' lang='lat' dir='ltr'>verba</span> 
     </span>
     <span class='ocr_line' id='line_1_21' title="bbox 152 2549 1292 2635; baseline 0.001 -23"><span class='ocrx_word' id='word_1_170' title='bbox 152 2571 232 2632; x_wconf 89' lang='lat' dir='ltr'>quas</span> <span class='ocrx_word' id='word_1_171' title='bbox 255 2550 287 2613; x_wconf 91' lang='lat' dir='ltr'>in</span> <span class='ocrx_word' id='word_1_172' title='bbox 297 2549 428 2614; x_wconf 86' lang='lat' dir='ltr'>Thaliae</span> <span class='ocrx_word' id='word_1_173' title='bbox 450 2550 540 2614; x_wconf 87' lang='lat' dir='ltr'>initio</span> <span class='ocrx_word' id='word_1_174' title='bbox 563 2550 682 2635; x_wconf 90' lang='lat' dir='ltr'>posuit,</span> <span class='ocrx_word' id='word_1_175' title='bbox 706 2549 761 2614; x_wconf 91' lang='lat' dir='ltr'>ubi</span> <span class='ocrx_word' id='word_1_176' title='bbox 783 2573 853 2616; x_wconf 89' lang='lat' dir='ltr'>sese</span> <span class='ocrx_word' id='word_1_177' title='bbox 875 2551 995 2615; x_wconf 88' lang='lat' dir='ltr'>bonum</span> <span class='ocrx_word' id='word_1_178' title='bbox 1017 2560 1049 2615; x_wconf 90' lang='lat' dir='ltr'>et</span> <span class='ocrx_word' id='word_1_179' title='bbox 1063 2550 1292 2616; x_wconf 90' lang='lat' dir='ltr'>benemeritum</span> 
     </span>
     <span class='ocr_line' id='line_1_22' title="bbox 151 2658 1291 2747; baseline 0.001 -23"><span class='ocrx_word' id='word_1_180' title='bbox 151 2670 258 2743; x_wconf 86' lang='lat' dir='ltr'>vocat,</span> <span class='ocrx_word' id='word_1_181' title='bbox 290 2684 309 2723; x_wconf 87' lang='lat' dir='ltr'>a</span> <span class='ocrx_word' id='word_1_182' title='bbox 342 2659 449 2725; x_wconf 86' lang='lat' dir='ltr'>divino</span> <span class='ocrx_word' id='word_1_183' title='bbox 482 2658 631 2726; x_wconf 80' lang='lat' dir='ltr'>edoctum</span> <span class='ocrx_word' id='word_1_184' title='bbox 666 2663 833 2747; x_wconf 75' lang='lat' dir='ltr'>magIstro:</span> <span class='ocrx_word' id='word_1_185' title='bbox 866 2659 952 2747; x_wconf 91' lang='lat' dir='ltr'>apud</span> <span class='ocrx_word' id='word_1_186' title='bbox 974 2661 1143 2726; x_wconf 74' lang='lat' dir='ltr'>Athanas-</span> <span class='ocrx_word' id='word_1_187' title='bbox 1158 2662 1190 2724; x_wconf 85' lang='lat' dir='ltr'>in</span> <span class='ocrx_word' id='word_1_188' title='bbox 1213 2670 1291 2726; x_wconf 88' lang='lat' dir='ltr'>orat.</span> 
     </span>
     <span class='ocr_line' id='line_1_23' title="bbox 152 2757 1292 2872; baseline 0 -36"><span class='ocrx_word' id='word_1_189' title='bbox 152 2779 251 2836; x_wconf 83' lang='lat' dir='ltr'>contr.</span> <span class='ocrx_word' id='word_1_190' title='bbox 274 2772 384 2836; x_wconf 82' lang='lat' dir='ltr'>Arias.</span> <span class='ocrx_word' id='word_1_191' title='bbox 409 2795 478 2858; x_wconf 89' lang='lat' dir='ltr'>cap.</span> <span class='ocrx_word' id='word_1_192' title='bbox 489 2757 531 2836; x_wconf 93' lang='lat' dir='ltr'>V.</span> <span class='ocrx_word' id='word_1_193' title='bbox 554 2775 638 2872; x_wconf 79' lang='grc' dir='ltr'><em>Κατοὶ</em></span> <span class='ocrx_word' id='word_1_194' title='bbox 661 2783 763 2840; x_wconf 79' lang='grc' dir='ltr'><em>πίστιν</em></span> <span class='ocrx_word' id='word_1_195' title='bbox 786 2782 927 2838; x_wconf 62' lang='lat' dir='ltr'>latratur</span> <span class='ocrx_word' id='word_1_196' title='bbox 950 2779 1043 2856; x_wconf 74' lang='grc' dir='ltr'><em>θεοῦ,</em></span> <span class='ocrx_word' id='word_1_197' title='bbox 1066 2783 1192 2838; x_wconf 78' lang='grc' dir='ltr'><em>σονέτων</em></span> <span class='ocrx_word' id='word_1_198' title='bbox 1208 2778 1292 2854; x_wconf 75' lang='grc' dir='ltr'><em>θεοῦ,</em></span> 
     </span>
     <span class='ocr_line' id='line_1_24' title="bbox 126 2877 1291 2970; baseline 0.001 -24"><span class='ocrx_word' id='word_1_199' title='bbox 126 2883 272 2947; x_wconf 67' lang='grc' dir='ltr'><em>’παίδων</em></span> <span class='ocrx_word' id='word_1_200' title='bbox 304 2883 404 2966; x_wconf 75' lang='grc' dir='ltr'><em>δι’νιον,</em></span> <span class='ocrx_word' id='word_1_201' title='bbox 435 2888 510 2949; x_wconf 75' lang='grc' dir='ltr'><em>θεοῦ</em></span> <span class='ocrx_word' id='word_1_202' title='bbox 542 2890 660 2966; x_wconf 76' lang='grc' dir='ltr'><em>πνεῦμα</em></span> <span class='ocrx_word' id='word_1_203' title='bbox 691 2887 856 2970; x_wconf 80' lang='grc' dir='ltr'><em>λαβόντων,</em></span> <span class='ocrx_word' id='word_1_204' title='bbox 887 2886 957 2950; x_wconf 85' lang='grc' dir='ltr'><em>τόδε</em></span> <span class='ocrx_word' id='word_1_205' title='bbox 980 2889 1098 2966; x_wconf 76' lang='grc' dir='ltr'><em>ἔμαθον</em></span> <span class='ocrx_word' id='word_1_206' title='bbox 1119 2889 1210 2968; x_wconf 72' lang='grc' dir='ltr'><em>ἔγωγε</em></span> <span class='ocrx_word' id='word_1_207' title='bbox 1233 2877 1291 2948; x_wconf 70' lang='grc' dir='ltr'>ὑπὸ</span> 
     </span>
     <span class='ocr_line' id='line_1_25' title="bbox 150 2997 1291 3082; baseline 0.002 -23"><span class='ocrx_word' id='word_1_208' title='bbox 150 2999 199 3076; x_wconf 81' lang='grc' dir='ltr'><em>τῆς</em></span> <span class='ocrx_word' id='word_1_209' title='bbox 220 3005 326 3080; x_wconf 85' lang='grc' dir='ltr'><em>σοφίας</em></span> <span class='ocrx_word' id='word_1_210' title='bbox 347 2997 548 3080; x_wconf 73' lang='grc' dir='ltr'>μετεχόντων,</span> <span class='ocrx_word' id='word_1_211' title='bbox 564 3001 688 3079; x_wconf 81' lang='grc' dir='ltr'><em>ἀστέων,</em></span> <span class='ocrx_word' id='word_1_212' title='bbox 709 2998 928 3079; x_wconf 67' lang='grc' dir='ltr'><em>θεοδῖδιὶκτων,</em></span> <span class='ocrx_word' id='word_1_213' title='bbox 949 2997 1025 3062; x_wconf 80' lang='grc' dir='ltr'><em>κατὰ</em></span> <span class='ocrx_word' id='word_1_214' title='bbox 1047 2999 1144 3064; x_wconf 85' lang='grc' dir='ltr'><em>πόντοι</em></span> <span class='ocrx_word' id='word_1_215' title='bbox 1160 3001 1291 3082; x_wconf 80' lang='grc' dir='ltr'><em>σοφῶντε</em></span> 
     </span>
     <span class='ocr_line' id='line_1_26' title="bbox 152 3108 1295 3196; baseline 0.001 -25"><span class='ocrx_word' id='word_1_216' title='bbox 152 3108 258 3172; x_wconf 72' lang='grc' dir='ltr'><em>τούτων</em></span> <span class='ocrx_word' id='word_1_217' title='bbox 278 3112 340 3172; x_wconf 83' lang='grc' dir='ltr'><em>κατ’</em></span> <span class='ocrx_word' id='word_1_218' title='bbox 364 3112 447 3191; x_wconf 81' lang='grc' dir='ltr'><em>ἴχνος</em></span> <span class='ocrx_word' id='word_1_219' title='bbox 460 3113 552 3174; x_wconf 76' lang='grc' dir='ltr'><em>ἕλθον</em></span> <span class='ocrx_word' id='word_1_220' title='bbox 566 3113 623 3190; x_wconf 73' lang='grc' dir='ltr'>ἔγω</span> <span class='ocrx_word' id='word_1_221' title='bbox 638 3116 751 3194; x_wconf 80' lang='grc' dir='ltr'><em>βαίνων</em></span> <span class='ocrx_word' id='word_1_222' title='bbox 765 3111 918 3190; x_wconf 83' lang='grc' dir='ltr'><em>δμοδόξως</em></span> <span class='ocrx_word' id='word_1_223' title='bbox 932 3110 947 3173; x_wconf 84' lang='grc' dir='ltr'><em>ό</em></span> <span class='ocrx_word' id='word_1_224' title='bbox 959 3111 1142 3196; x_wconf 84' lang='grc' dir='ltr'><em>περικλυτός,</em></span> <span class='ocrx_word' id='word_1_225' title='bbox 1164 3111 1179 3172; x_wconf 84' lang='grc' dir='ltr'>ὁ</span> <span class='ocrx_word' id='word_1_226' title='bbox 1194 3111 1295 3174; x_wconf 84' lang='grc' dir='ltr'><em>πολλοί</em></span> 
     </span>
     <span class='ocr_line' id='line_1_27' title="bbox 152 3210 1292 3306; baseline 0.003 -24"><span class='ocrx_word' id='word_1_227' title='bbox 152 3224 263 3284; x_wconf 82' lang='grc' dir='ltr'><em>παθτόν</em></span> <span class='ocrx_word' id='word_1_228' title='bbox 284 3221 335 3284; x_wconf 84' lang='grc' dir='ltr'>διδ</span> <span class='ocrx_word' id='word_1_229' title='bbox 358 3221 409 3299; x_wconf 70' lang='grc' dir='ltr'><em>τὴν</em></span> <span class='ocrx_word' id='word_1_230' title='bbox 432 3227 509 3286; x_wconf 75' lang='grc' dir='ltr'><em>θεοῦ</em></span> <span class='ocrx_word' id='word_1_231' title='bbox 516 3221 630 3306; x_wconf 83' lang='grc' dir='ltr'><em>δόξαν,</em></span> <span class='ocrx_word' id='word_1_232' title='bbox 652 3210 740 3287; x_wconf 77' lang='grc' dir='ltr'><em>δπότε</em></span> <span class='ocrx_word' id='word_1_233' title='bbox 763 3226 840 3287; x_wconf 75' lang='grc' dir='ltr'><em>θεοῦ</em></span> <span class='ocrx_word' id='word_1_234' title='bbox 859 3227 973 3303; x_wconf 80' lang='grc' dir='ltr'><em>μαθιδν</em></span> <span class='ocrx_word' id='word_1_235' title='bbox 995 3231 1103 3306; x_wconf 78' lang='grc' dir='ltr'><em>σοφίαν</em></span> <span class='ocrx_word' id='word_1_236' title='bbox 1117 3228 1167 3286; x_wconf 79' lang='grc' dir='ltr'>καὶ</span> <span class='ocrx_word' id='word_1_237' title='bbox 1182 3225 1292 3304; x_wconf 77' lang='grc' dir='ltr'><em>γνῶσιν</em></span> 
     </span>
     <span class='ocr_line' id='line_1_28' title="bbox 153 3329 1290 3413; baseline 0.003 -20"><span class='ocrx_word' id='word_1_238' title='bbox 153 3329 206 3412; x_wconf 77' lang='grc' dir='ltr'>ἐγώ</span> <span class='ocrx_word' id='word_1_239' title='bbox 229 3335 320 3413; x_wconf 73' lang='grc' dir='ltr'><em>ἔγνον.</em></span> <span class='ocrx_word' id='word_1_240' title='bbox 365 3331 518 3398; x_wconf 85' lang='lat' dir='ltr'>Similiter</span> <span class='ocrx_word' id='word_1_241' title='bbox 545 3343 580 3397; x_wconf 92' lang='lat' dir='ltr'>ut</span> <span class='ocrx_word' id='word_1_242' title='bbox 607 3357 626 3396; x_wconf 90' lang='lat' dir='ltr'>a</span> <span class='ocrx_word' id='word_1_243' title='bbox 647 3333 776 3398; x_wconf 90' lang='lat' dir='ltr'>Zenone</span> <span class='ocrx_word' id='word_1_244' title='bbox 798 3343 931 3398; x_wconf 79' lang='lat' dir='ltr'>vocatur</span> <span class='ocrx_word' id='word_1_245' title='bbox 952 3333 1047 3398; x_wconf 87' lang='lat' dir='ltr'>etiam</span> <span class='ocrx_word' id='word_1_246' title='bbox 1070 3334 1110 3399; x_wconf 91' lang='lat' dir='ltr'>ab</span> <span class='ocrx_word' id='word_1_247' title='bbox 1134 3333 1204 3398; x_wconf 87' lang='lat' dir='ltr'>aliis</span> <span class='ocrx_word' id='word_1_248' title='bbox 1227 3334 1290 3396; x_wconf 89' lang='lat' dir='ltr'>Pa·</span> 
     </span>
    </p>
   </div>
   <div class='ocr_carea' id='block_1_6' title="bbox 34 3439 1292 3529">
    <p class='ocr_par' dir='ltr' id='par_1_6' title="bbox 34 3439 1292 3529">
     <span class='ocr_line' id='line_1_29' title="bbox 34 3439 1292 3529; baseline 0.002 -23"><span class='ocrx_word' id='word_1_249' title='bbox 34 3439 39 3448; x_wconf 86' lang='grc'><strong>’</strong></span> <span class='ocrx_word' id='word_1_250' title='bbox 152 3443 252 3508; x_wconf 89' lang='lat' dir='ltr'>tribus</span> <span class='ocrx_word' id='word_1_251' title='bbox 274 3443 415 3516; x_wconf 86' lang='lat' dir='ltr'>haeresis</span> <span class='ocrx_word' id='word_1_252' title='bbox 437 3443 559 3508; x_wconf 86' lang='lat' dir='ltr'>Ariana</span> <span class='ocrx_word' id='word_1_253' title='bbox 585 3443 742 3527; x_wconf 85' lang='lat' dir='ltr'>adultera,</span> <span class='ocrx_word' id='word_1_254' title='bbox 777 3445 852 3529; x_wconf 89' lang='lat' dir='ltr'>quia</span> <span class='ocrx_word' id='word_1_255' title='bbox 872 3447 989 3528; x_wconf 84' lang='lat' dir='ltr'>nescit,</span> <span class='ocrx_word' id='word_1_256' title='bbox 1013 3469 1076 3529; x_wconf 92' lang='lat' dir='ltr'>quo</span> <span class='ocrx_word' id='word_1_257' title='bbox 1100 3453 1229 3509; x_wconf 85' lang='lat' dir='ltr'>auctore</span> <span class='ocrx_word' id='word_1_258' title='bbox 1250 3446 1292 3510; x_wconf 87' lang='lat' dir='ltr'>sit.</span> 
     </span>
    </p>
   </div>
   <div class='ocr_carea' id='block_1_7' title="bbox 150 3541 1293 4317">
    <p class='ocr_par' dir='ltr' id='par_1_7' title="bbox 150 3541 1293 4317">
     <span class='ocr_line' id='line_1_30' title="bbox 153 3541 1290 3643; baseline 0.001 -24"><span class='ocrx_word' id='word_1_259' title='bbox 153 3566 233 3639; x_wconf 88' lang='lat' dir='ltr'>nata,</span> <span class='ocrx_word' id='word_1_260' title='bbox 257 3579 306 3621; x_wconf 83' lang='lat' dir='ltr'>ex.</span> <span class='ocrx_word' id='word_1_261' title='bbox 323 3578 371 3641; x_wconf 86' lang='lat' dir='ltr'>gr.</span> <span class='ocrx_word' id='word_1_262' title='bbox 394 3556 434 3620; x_wconf 89' lang='lat' dir='ltr'>ab</span> <span class='ocrx_word' id='word_1_263' title='bbox 450 3556 627 3622; x_wconf 88' lang='lat' dir='ltr'>Athanasio</span> <span class='ocrx_word' id='word_1_264' title='bbox 650 3541 709 3622; x_wconf 75' lang='lat' dir='ltr'>lib.</span> <span class='ocrx_word' id='word_1_265' title='bbox 729 3556 770 3622; x_wconf 90' lang='lat' dir='ltr'>de</span> <span class='ocrx_word' id='word_1_266' title='bbox 792 3557 906 3643; x_wconf 90' lang='lat' dir='ltr'>synod.</span> <span class='ocrx_word' id='word_1_267' title='bbox 922 3557 1056 3624; x_wconf 84' lang='lat' dir='ltr'>Nicaen.</span> <span class='ocrx_word' id='word_1_268' title='bbox 1072 3555 1212 3639; x_wconf 83' lang='lat' dir='ltr'>decreto,</span> <span class='ocrx_word' id='word_1_269' title='bbox 1235 3557 1290 3622; x_wconf 92' lang='lat' dir='ltr'>ubi</span> 
     </span>
     <span class='ocr_line' id='line_1_31' title="bbox 154 3663 1291 3755; baseline 0.003 -25"><span class='ocrx_word' id='word_1_270' title='bbox 154 3667 282 3752; x_wconf 81' lang='lat' dir='ltr'>prolatis</span> <span class='ocrx_word' id='word_1_271' title='bbox 305 3672 447 3733; x_wconf 85' lang='lat' dir='ltr'>veterum</span> <span class='ocrx_word' id='word_1_272' title='bbox 471 3669 635 3734; x_wconf 88' lang='lat' dir='ltr'>sententiis</span> <span class='ocrx_word' id='word_1_273' title='bbox 657 3669 703 3733; x_wconf 86' lang='lat' dir='ltr'>ita</span> <span class='ocrx_word' id='word_1_274' title='bbox 724 3668 841 3755; x_wconf 89' lang='lat' dir='ltr'>pergit:</span> <span class='ocrx_word' id='word_1_275' title='bbox 882 3670 973 3752; x_wconf 76' lang='grc' dir='ltr'>,Ἰδοῦ</span> <span class='ocrx_word' id='word_1_276' title='bbox 996 3671 1081 3749; x_wconf 75' lang='grc' dir='ltr'><em>ἡμεῖς</em></span> <span class='ocrx_word' id='word_1_277' title='bbox 1102 3694 1158 3748; x_wconf 92' lang='grc' dir='ltr'><em>μεν</em></span> <span class='ocrx_word' id='word_1_278' title='bbox 1172 3663 1212 3732; x_wconf 77' lang='grc' dir='ltr'>’ἐκ</span> <span class='ocrx_word' id='word_1_279' title='bbox 1234 3695 1291 3733; x_wconf 88' lang='grc' dir='ltr'>πα-</span> 
     </span>
     <span class='ocr_line' id='line_1_32' title="bbox 154 3780 1291 3865; baseline 0.002 -23"><span class='ocrx_word' id='word_1_280' title='bbox 154 3787 241 3862; x_wconf 75' lang='grc' dir='ltr'><em>τέριον</em></span> <span class='ocrx_word' id='word_1_281' title='bbox 256 3782 299 3856; x_wconf 79' lang='grc' dir='ltr'><em>εἰς</em></span> <span class='ocrx_word' id='word_1_282' title='bbox 312 3789 442 3865; x_wconf 73' lang='grc' dir='ltr'><em>πατέρας</em></span> <span class='ocrx_word' id='word_1_283' title='bbox 457 3781 663 3864; x_wconf 76' lang='grc' dir='ltr'><em>διαβεβηκέναι</em></span> <span class='ocrx_word' id='word_1_284' title='bbox 684 3781 734 3860; x_wconf 74' lang='grc' dir='ltr'>τήν</span> <span class='ocrx_word' id='word_1_285' title='bbox 753 3783 889 3861; x_wconf 79' lang='grc' dir='ltr'><em>τοιαότρν</em></span> <span class='ocrx_word' id='word_1_286' title='bbox 909 3781 1043 3845; x_wconf 89' lang='grc' dir='ltr'><em>διόνοιαν</em></span> <span class='ocrx_word' id='word_1_287' title='bbox 1058 3780 1291 3861; x_wconf 82' lang='grc' dir='ltr'><em>ἀποδεικνόομεν</em></span> 
     </span>
     <span class='ocr_line' id='line_1_33' title="bbox 150 3869 1284 3978; baseline 0.003 -23"><span class='ocrx_word' id='word_1_288' title='bbox 150 3893 236 3978; x_wconf 74' lang='grc' dir='ltr'>Ιὑμεῖς</span> <span class='ocrx_word' id='word_1_289' title='bbox 256 3892 296 3958; x_wconf 79' lang='grc' dir='ltr'>δέ.</span> <span class='ocrx_word' id='word_1_290' title='bbox 309 3884 338 3956; x_wconf 79' lang='grc' dir='ltr'>ιδ</span> <span class='ocrx_word' id='word_1_291' title='bbox 351 3892 483 3959; x_wconf 84' lang='grc' dir='ltr'><em>Ιοοδαῖοι</em></span> <span class='ocrx_word' id='word_1_292' title='bbox 505 3869 556 3956; x_wconf 76' lang='grc' dir='ltr'>καὶ</span> <span class='ocrx_word' id='word_1_293' title='bbox 577 3897 629 3957; x_wconf 75' lang='grc' dir='ltr'><em>τοῦ</em></span> <span class='ocrx_word' id='word_1_294' title='bbox 649 3894 773 3978; x_wconf 74' lang='grc' dir='ltr'><em>Καϊάφα</em></span> <span class='ocrx_word' id='word_1_295' title='bbox 804 3898 943 3974; x_wconf 76' lang='grc' dir='ltr'><em>μαθηταὶ</em></span> <span class='ocrx_word' id='word_1_296' title='bbox 965 3902 1049 3969; x_wconf 81' lang='grc' dir='ltr'><em>τίνας</em></span> <span class='ocrx_word' id='word_1_297' title='bbox 1071 3891 1130 3977; x_wconf 80' lang='grc' dir='ltr'>ἄρα</span> <span class='ocrx_word' id='word_1_298' title='bbox 1151 3895 1212 3958; x_wconf 80' lang='grc' dir='ltr'><em>τῶν</em></span> <span class='ocrx_word' id='word_1_299' title='bbox 1233 3897 1284 3976; x_wconf 68' lang='lat' dir='ltr'>(lq-</span> 
     </span>
     <span class='ocr_line' id='line_1_34' title="bbox 154 3989 1292 4092; baseline 0.003 -25"><span class='ocrx_word' id='word_1_300' title='bbox 154 4004 256 4085; x_wconf 85' lang='grc' dir='ltr'><em>μα’των</em></span> <span class='ocrx_word' id='word_1_301' title='bbox 277 4007 362 4086; x_wconf 73' lang='grc' dir='ltr'><em>ὑμῶν</em></span> <span class='ocrx_word' id='word_1_302' title='bbox 383 4009 462 4089; x_wconf 82' lang='grc' dir='ltr'><em>ἔχετε</em></span> <span class='ocrx_word' id='word_1_303' title='bbox 484 4005 582 4082; x_wconf 80' lang='grc' dir='ltr'><em>δεῖξαι</em></span> <span class='ocrx_word' id='word_1_304' title='bbox 603 4014 743 4089; x_wconf 80' lang='grc' dir='ltr'><em>πατέρας,</em></span> <span class='ocrx_word' id='word_1_305' title='bbox 764 3989 829 4070; x_wconf 56' lang='grc' dir='ltr'>ἀλλ’</span> <span class='ocrx_word' id='word_1_306' title='bbox 852 4006 956 4070; x_wconf 78' lang='grc' dir='ltr'><em>οὐδένα</em></span> <span class='ocrx_word' id='word_1_307' title='bbox 978 4009 1037 4070; x_wconf 73' lang='grc' dir='ltr'><em>τοῖν</em></span> <span class='ocrx_word' id='word_1_308' title='bbox 1058 4014 1215 4092; x_wconf 70' lang='grc' dir='ltr'><em>φρονίμων</em></span> <span class='ocrx_word' id='word_1_309' title='bbox 1241 4011 1292 4072; x_wconf 78' lang='grc' dir='ltr'>καὶ</span> 
     </span>
     <span class='ocr_line' id='line_1_35' title="bbox 155 4117 1293 4204; baseline 0.001 -21"><span class='ocrx_word' id='word_1_310' title='bbox 155 4121 253 4204; x_wconf 71' lang='grc' dir='ltr'><em>σοφοῖν</em></span> <span class='ocrx_word' id='word_1_311' title='bbox 276 4117 312 4182; x_wconf 84' lang='grc' dir='ltr'>ἄν</span> <span class='ocrx_word' id='word_1_312' title='bbox 333 4121 444 4182; x_wconf 77' lang='grc' dir='ltr'><em>εἴποιτε</em></span> <span class='ocrx_word' id='word_1_313' title='bbox 466 4117 576 4194; x_wconf 75' lang='grc' dir='ltr'><em>πάντες</em></span> <span class='ocrx_word' id='word_1_314' title='bbox 598 4118 655 4203; x_wconf 78' lang='grc' dir='ltr'>γδρ</span> <span class='ocrx_word' id='word_1_315' title='bbox 676 4118 756 4199; x_wconf 70' lang='grc' dir='ltr'><em>ὑμᾶς</em></span> <span class='ocrx_word' id='word_1_316' title='bbox 778 4121 1023 4203; x_wconf 76' lang='grc' dir='ltr'><em>ἀποστρέφονται,</em></span> <span class='ocrx_word' id='word_1_317' title='bbox 1044 4117 1121 4196; x_wconf 66' lang='grc' dir='ltr'><em>πλὴν</em></span> <span class='ocrx_word' id='word_1_318' title='bbox 1135 4118 1293 4198; x_wconf 78' lang='grc' dir='ltr'><em>μόνοντοῦ</em></span> 
     </span>
     <span class='ocr_line' id='line_1_36' title="bbox 155 4219 1290 4317; baseline -0.001 -20"><span class='ocrx_word' id='word_1_319' title='bbox 155 4232 309 4316; x_wconf 83' lang='grc' dir='ltr'><em>διαβόλου,</em></span> <span class='ocrx_word' id='word_1_320' title='bbox 342 4223 440 4312; x_wconf 83' lang='grc' dir='ltr'><em>μόνος“</em></span> <span class='ocrx_word' id='word_1_321' title='bbox 463 4232 518 4317; x_wconf 70' lang='grc' dir='ltr'>γάρ</span> <span class='ocrx_word' id='word_1_322' title='bbox 549 4232 620 4314; x_wconf 78' lang='grc' dir='ltr'><em>δμΐν</em></span> <span class='ocrx_word' id='word_1_323' title='bbox 651 4219 734 4308; x_wconf 69' lang='grc' dir='ltr'><em>οὗτος</em></span> <span class='ocrx_word' id='word_1_324' title='bbox 756 4235 813 4311; x_wconf 61' lang='grc' dir='ltr'><em>τῆς,</em></span> <span class='ocrx_word' id='word_1_325' title='bbox 827 4231 962 4311; x_wconf 74' lang='grc' dir='ltr'><em>τοιαότρς</em></span> <span class='ocrx_word' id='word_1_326' title='bbox 984 4232 1170 4306; x_wconf 83' lang='grc' dir='ltr'><em>ἀποστασίας</em></span> <span class='ocrx_word' id='word_1_327' title='bbox 1191 4231 1290 4316; x_wconf 79' lang='grc' dir='ltr'><em>πότηρ</em></span> 
     </span>
    </p>
   </div>
   <div class='ocr_carea' id='block_1_8' title="bbox 155 4341 1289 4432">
    <p class='ocr_par' dir='ltr' id='par_1_8' title="bbox 155 4341 1289 4432">
     <span class='ocr_line' id='line_1_37' title="bbox 155 4341 1289 4432; baseline -0.004 -24"><span class='ocrx_word' id='word_1_328' title='bbox 155 4353 274 4426; x_wconf 74' lang='grc' dir='ltr'><em>γέγονεν.</em></span> <span class='ocrx_word' id='word_1_329' title='bbox 312 4342 465 4412; x_wconf 81' lang='lat' dir='ltr'>Similiter</span> <span class='ocrx_word' id='word_1_330' title='bbox 477 4345 609 4432; x_wconf 79' lang='lat' dir='ltr'>Lucifer·</span> <span class='ocrx_word' id='word_1_331' title='bbox 619 4343 822 4412; x_wconf 70' lang='lat' dir='ltr'>Culusitanus</span> <span class='ocrx_word' id='word_1_332' title='bbox 836 4343 858 4408; x_wconf 95' lang='lat' dir='ltr'>l.</span> <span class='ocrx_word' id='word_1_333' title='bbox 868 4366 895 4408; x_wconf 86' lang='lat' dir='ltr'>c.</span> <span class='ocrx_word' id='word_1_334' title='bbox 908 4365 938 4410; x_wconf 92' lang='lat' dir='ltr'>n.</span> <span class='ocrx_word' id='word_1_335' title='bbox 954 4341 1122 4408; x_wconf 87' lang='lat' dir='ltr'>XXVIII.</span> <span class='ocrx_word' id='word_1_336' title='bbox 1132 4365 1206 4428; x_wconf 87' lang='lat' dir='ltr'>pag.</span> <span class='ocrx_word' id='word_1_337' title='bbox 1219 4345 1289 4408; x_wconf 89' lang='grc'><strong>190.</strong></span> 
     </span>
    </p>
   </div>
   <div class='ocr_carea' id='block_1_9' title="bbox 1496 4389 1499 4482">
    <p class='ocr_par' dir='ltr' id='par_1_9' title="bbox 1496 4377 1499 4494">
     <span class='ocr_line' id='line_1_38' title="bbox 1496 4389 1499 4482; baseline 0 0"><span class='ocrx_word' id='word_1_338' title='bbox 1496 4389 1499 4482; x_wconf 86' lang='lat' dir='ltr'>l</span> 
     </span>
    </p>
   </div>
   <div class='ocr_carea' id='block_1_10' title="bbox 0 0 1519 4936">
    <p class='ocr_par' dir='ltr' id='par_1_10' title="bbox 0 0 1519 4936">
     <span class='ocr_line' id='line_1_39' title="bbox 0 0 1519 4936; baseline 0 0"><span class='ocrx_word' id='word_1_339' title='bbox 0 0 1519 4936; x_wconf 95' lang='lat' dir='ltr'> </span> 
     </span>
    </p>
   </div>
  </div>
 </body>
</html>
