3012 4936
782 231 822 294 18

232 391 383 456 tationem
416 389 568 474 legimus,
601 398 635 453 ut
669 389 709 454 ab
744 388 915 454 discordiis
948 385 1115 452 discedant
1147 411 1205 470 „ne
1242 385 1408 451 ethnicis

233 503 332 568 simus
356 499 552 566 ridiculosi.“
580 515 633 550 -’
664 501 771 582 Quam
787 509 953 585 promptae
969 509 1074 564 autem
1090 498 1247 564 audaciae
1267 498 1410 563 fuerint

232 614 383 700 gentiles,
407 635 506 698 quum
529 612 601 676 lites
624 621 656 676 et
674 613 782 698 jurgia
804 637 844 678 ex
867 612 990 678 haeresi
1004 611 1127 677 Ariana
1142 622 1260 676 exorta
1278 611 1408 675 omnia
1486 624 1487 627 ’

232 725 397 792 turbarent
419 735 451 790 et
473 725 657 806 miscerent,
686 746 726 788 ex
749 722 809 788 hac
832 724 977 789 videmus
1004 723 1263 806 circumstantia,
1301 721 1408 806 quod

234 837 327 902 multi
350 859 459 902 eorum
482 836 668 920 sperabant,
692 859 726 900 se
748 835 979 921 Imperatorem
1000 835 1156 900 inanitate
1173 831 1408 902 Christiano-

234 973 304 1014 rum
332 947 555 1014 exaeerbatum
584 947 646 1013 sibi
674 947 900 1012 conciliaturos
927 969 998 1012 esse
1022 947 1237 1033 (Maimboarp
1259 946 1358 1010 Lib.
1378 946 1407 1008 I.

234 1082 307 1146 pag.
323 1061 396 1144 43);
429 1058 482 1123 alii
514 1083 587 1124 curn
609 1058 745 1124 Judaeis
777 1058 972 1144 conjunctim
994 1059 1077 1124 inter
1097 1057 1304 1124 Arianurum
1334 1059 1405 1122 im·
1486 1062 1487 1073 ’

236 1182 328 1256 petus
351 1170 383 1234 in
407 1167 594 1237 Catholicos
617 1168 711 1254 (ibid.
727 1169 801 1234 Lib.
817 1171 880 1236 ΙΙΙ.
904 1194 977 1257 pag.
996 1172 1073 1257 193)
1096 1170 1207 1234 altaria
1229 1169 1404 1254 coinqui-

234 1283 363 1365 nabant,
387 1281 441 1346 alii
456 1290 578 1346 statuas
593 1281 801 1368 Imperatoris
824 1281 978 1348 audenter
999 1281 1218 1348 detrectabant
1241 1281 1403 1368 (Fleury

236 1394 328 1460 Tom.
349 1395 410 1458 111.
443 1393 516 1458 Lib.
536 1393 581 1458 X.
614 1418 688 1480 pag.
711 1398 798 1482 109).
830 1435 871 1444 --
918 1395 1145 1478 „Factionibus
1181 1392 1401 1477 pollentem“

236 1515 329 1572 vocat
351 1505 438 1571 Zeno
462 1505 578 1572 deinde
599 1506 753 1572 Arianam
777 1508 948 1588 haeresim,
981 1505 1143 1591 quiajam
1166 1505 1197 1568 in
1221 1504 1296 1590 ipsa
1324 1505 1398 1570 Ni-

235 1641 332 1683 caena
355 1617 479 1704 synodo
501 1618 616 1682 Ariani
637 1619 669 1682 in
694 1619 760 1684 suis
784 1618 987 1702 opinionibus
1011 1617 1248 1703 discrepabant,
1278 1642 1396 1702 quum

234 1728 275 1793 ad
313 1729 501 1794 sententiam
539 1729 770 1794 enucleandum
807 1739 936 1795 ventum
975 1738 1060 1802 esset
1091 1729 1307 1814 (Athanasius
1348 1729 1396 1795 de

235 1838 352 1904 decret.
375 1839 510 1904 Nicaen.
534 1863 603 1926 cap.
620 1839 682 1902 III.
731 1843 931 1929 Muimbocrp
953 1842 1026 1907 Lib.
1042 1842 1069 1906 Ι.
1092 1865 1165 1928 pag.
1181 1844 1233 1907 53.
1283 1845 1392 1908 Tille-

234 1963 326 2016 moat.
349 1960 407 2015 art.
423 1951 549 2017 LXVI.
574 1975 646 2044 pag.
662 1954 727 2018 410
743 1976 791 2037 sq.
847 1955 971 2020 liniter
996 1953 1069 2018 Lib.
1091 1953 1154 2020 III.
1182 1977 1255 2040 pag.
1279 1957 1390 2040 231),

235 2063 428 2148 posteriores
455 2073 561 2128 autern
585 2088 694 2130 eorum
718 2064 898 2130 discordiae
921 2075 953 2130 et
975 2064 1193 2132 dissensiones
1214 2065 1246 2128 in
1269 2066 1386 2151 plures

235 2198 290 2240 eos
309 2173 546 2260 dissipaverunt
569 2177 723 2242 {actiones
748 2177 892 2262 (Mdhler
907 2177 980 2242 Lib.
991 2177 1050 2241 VI.
1066 2201 1139 2262 pag.
1155 2179 1250 2263 229);
1273 2199 1381 2264 neque
1487 2211 1488 2224 κ

235 2284 415 2350 mirandum
447 2310 518 2352 esse
552 2285 631 2352 dicit
653 2291 859 2374 Epiphanius
893 2288 1015 2353 haeres.
1032 2287 1180 2354 LXXX.
1203 2313 1233 2352 n.
1252 2291 1302 2354 10.
1328 2291 1377 2354 ll.

235 2395 285 2463 ed.
309 2398 447 2481 Patavii,
481 2399 566 2464 hunc
597 2400 681 2464 enirn
709 2400 851 2465 omnium
878 2398 1056 2465 haeresium
1087 2400 1183 2465 finem
1206 2424 1290 2466 esse:
1328 2406 1381 2465 καὶ

236 2519 329 2574 ἐκεῖνο
366 2521 600 2599 παρατηρητέον,
636 2514 683 2580 ὅτι
718 2514 864 2590 πολλάκις
900 2518 971 2579 καθ’
1009 2513 1114 2593 {aazia
1150 2513 1382 2591 uciirae‘acinvf

234 2624 348 2708 αἵρεσις
381 2635 512 2708 σχίσασα
542 2629 585 2704 εἰς
618 2629 716 2692 πόλλα
734 2603 818 2714 ,μέρη
845 2634 896 2692 καὶ
922 2627 1052 2708 ὀνόματα
1075 2626 1174 2706 διέστη
1196 2632 1258 2689 κτλ.
1301 2623 1382 2688 «lam

235 2757 275 2799 ex
298 2735 563 2820 praecedentibus
586 2749 675 2824 patet
697 2739 858 2804 Zenonem
880 2748 966 2802 recte
990 2736 1234 2822 ,publicanam“
1262 2758 1380 2798 vocare

197 2856 201 2863 ’
234 2845 379 2930 potuisse
411 2845 567 2911 haeresim
599 2849 767 2912 Arianam:
805 2847 1036 2933 expendenteS,
1074 2867 1169 2927 quam
1207 2843 1380 2926 diligenter
1487 2863 1488 2868 ’

236 2953 412 3023 Christiani
449 2957 601 3042 mysteria
639 2969 670 3023 et
707 2959 828 3023 cultum
866 2935 960 3022 suurn
996 2951 1238 3032 occultaverint,
1277 2973 1375 3033 quum

236 3067 348 3132 Patres
379 3090 420 3131 ne
451 3068 579 3154 scriptis
614 3069 743 3152 quidem
776 3069 973 3133 committere
999 3064 1070 3128 ausi
1096 3071 1203 3128 essent
1230 3063 1376 3151 symbola
1487 3073 1488 3080 ’

236 3187 267 3243 et
294 3178 467 3265 praecipua
495 3179 649 3266 dogmata
672 3181 762 3264 fidei,
796 3204 835 3245 ne
858 3180 891 3243 in
913 3200 1026 3242 manus
1049 3173 1227 3240 infidelium
1249 3177 1298 3242 vel
1323 3199 1375 3265 ca-

235 3269 497 3356 tochumenorum
529 3293 743 3379 pervenirent,
778 3292 1007 3378 intelligentiae,
1040 3289 1233 3354 Arianornm
1260 3287 1376 3376 agendi
1487 3353 1488 3368 ,

236 3403 392 3469 rationem
416 3403 566 3470 Patribus
591 3386 813 3470 detestabilem
836 3413 869 3504 et
894 3403 1151 3490 indignissimam
1180 3403 1374 3488 apparuisse.
1487 3393 1488 3400 ἵ

233 3517 311 3612 lpse
334 3517 438 3596 Arius
466 3517 560 3582 nrbes
593 3527 625 3582 et
657 3518 746 3583 vicos
781 3517 983 3600 circumibat,
1015 3527 1050 3582 ut
1082 3514 1216 3600 adeptos
1248 3515 1374 3594 faceret,

165 3704 166 3707 Ἴ
237 3625 387 3713 discipuli
421 3631 490 3714 ejus
524 3653 619 3715 saepe
650 3629 683 3693 in
714 3629 879 3715 publicum
916 3627 1110 3715 prodeuntes
1141 3626 1374 3711 tumultumque

235 3737 387 3803 facientes
410 3740 544 3806 feminas
567 3751 599 3806 et
617 3745 751 3827 juvenes
775 3741 1017 3826 quaestionibus
1038 3741 1104 3806 suis
1121 3737 1373 3820 demorabantur,

236 3853 486 3937 interrogantes:
503 3852 715 3933 ,Habuistine
731 3838 847 3938 filium,
859 3863 1028 3938 antequam
1040 3850 1230 3939 pepereras?
1254 3852 1371 3933 Quem·
1441 3864 1444 3870 '

234 3961 409 4028 admodum
451 3954 496 4029 tu
523 3965 646 4030 nullum
684 3966 825 4033 habuisti
860 3967 977 4048 filium,
1019 3965 1064 4029 ita
1100 3965 1196 4028 etiam
1228 3975 1259 4030 et
1284 3965 1372 4030 Deus
1429 4042 1439 4066 .
1486 3957 1488 3966 ’

234 4075 337 4140 filium
359 4098 424 4140 uon
446 4075 568 4161 habuit,
592 4089 763 4164 antequam
786 4105 857 4146 eum
881 4083 1061 4146 creaverat“
1086 4077 1141 4162 (cf.
1155 4078 1273 4141 Athan.
1297 4101 1340 4141 cr.
1349 4076 1371 4140 l.

236 4197 335 4253 contr.
369 4188 484 4256 Arian.
523 4214 591 4278 cap.
623 4191 760 4256 XXXI.
813 4195 938 4266 lll'o‘laler
966 4181 1043 4256 Lib.
1070 4189 1114 4254 II.
1148 4211 1221 4276 pag.
1247 4190 1307 4254 188
1328 4211 1371 4271 sq.

239 4302 413 4370 Tillemoat.
436 4315 493 4370 art.
510 4304 551 4370 V.
574 4287 649 4390 pag.
668 4305 756 4388 249).
1236 4311 1238 4314 ’
