3012 4936
761 235 801 300 ιι

212 394 355 462 rentibus
388 393 531 480 glomum
565 392 688 460 solvere
719 394 807 460 nullo
839 393 935 460 modo
966 393 1085 479 potuit:
1116 416 1179 466 una
1201 418 1242 460 ex
1264 404 1361 484 parte

212 507 520 596 Martyrologiorum
543 515 574 572 et
597 505 749 593 Gregorii
775 507 971 590 testimonia,
1005 531 1064 574 nec
1096 530 1176 574 non.
1194 505 1361 574 editorum

213 619 447 687 veronensium
461 619 610 701 narratio,
634 619 794 686 Zenonem
816 620 910 684 tertio
932 619 1052 684 vixisse
1064 619 1362 686 saeculo—altera

213 757 253 800 ex
289 743 379 820 parte
416 731 640 818 apertissimae
672 730 813 796 haeresis
846 731 988 796 Arianae
1019 731 1283 817 significationes,
1326 742 1361 798 et

214 845 247 914 S.
263 844 429 912 Ambrosii
444 843 527 930 epist
514 842 580 908 tola
595 865 661 906 rem
677 843 706 906 ei
728 852 793 908 tam
816 842 993 909 obscuram·
1008 844 1161 942 lecerunt,
1184 853 1220 909 ut
1242 867 1359 910 neces-

213 958 297 1024 sario
328 955 411 1022 duos
438 955 582 1021 Zenones
604 953 814 1020 Veronensas
832 956 1010 1041 episcopos
1045 949 1250 1039 accipiendos
1282 979 1360 1022 esse

215 1078 351 1156 putaret.
403 1068 548 1154 Bagatae
575 1078 607 1132 ct
636 1067 757 1133 Peretti
783 1071 904 1148 tamen,
938 1091 997 1134 nec
1027 1077 1090 1132 non
1117 1055 1273 1162 Collegae
1306 1069 1361 1134 sui

214 1177 397 1250 Cardinalis
426 1181 547 1246 Valerii
572 1173 722 1265 nicqueti,
754 1178 911 1266 Episcopi
937 1177 1134 1246 Veronensis
1165 1180 1360 1248 auctoritate

213 1295 407 1376 commotus,
429 1289 630 1380 Balinodiam
654 1291 783 1374 cecinit,
813 1313 961 1358 revocare
983 1299 1091 1356 tamen
1112 1291 1230 1376 noluit,
1265 1293 1359 1377 quod

213 1407 510 1492 scripseratantea,
533 1405 566 1467 in
589 1403 750 1468 nonnullis
766 1404 952 1469 tractatibus
969 1403 1171 1487 zenonianis,
1194 1404 1358 1472 baeresim

212 1519 367 1612 Arianam
390 1525 669 1585 commemoratam
702 1538 786 1598 esse,
818 1527 850 1582 et
875 1515 934 1580 hos
961 1517 1114 1590 tractatus
1137 1525 1290 1602 tanquam
1316 1517 1358 1583 ab

213 1629 464 1702 amanuensibus
482 1629 618 1693 insertos
642 1628 747 1693 omitti
769 1628 801 1692 in
824 1628 939 1693 futuris
967 1623 1160 1695 editionibus
1188 1623 1358 1696 suadebat.

213 1741 447 1827 Veronensium
486 1763 562 1824 ergo
600 1749 724 1804 tantum
762 1738 920 1804 editorum
953 1739 1108 1806 beneficio
1139 1741 1227 1806 Zeno
1258 1751 1291 1808 et
1321 1743 1357 1808 ιιι

212 1853 447 1940 Martyrologio
469 1851 615 1916 Romano
638 1850 802 1936 Martyris⁸
815 1850 943 1916 titulum
970 1874 1084 1937 gerens
1117 1853 1224 1924 locum
1256 1877 1354 1920 occu-

151 2051 154 2058 Ι
212 1966 313 2051 pavit,
337 1974 369 2032 et
390 1965 517 2052 Martyr
539 1962 657 2028 nostris
680 1985 808 2047 quoque
831 1961 951 2056 diebus,
967 1963 1127 2030 recitatur.

316 2077 389 2142 Hac
421 2073 648 2163 Martyrologii
681 2074 819 2140 Romani
852 2078 1039 2156 auctoritate
1065 2077 1250 2150 Bonachius
1284 2103 1350 2144 ma-

211 2192 298 2256 xime
335 2189 479 2254 innititur
516 2196 548 2252 et
580 2189 645 2252 fere
676 2187 742 2254 dici
774 2189 893 2279 potest,
933 2190 1168 2254 accusationem
1203 2189 1350 2256 Cdrimeii

214 2302 373 2367 oudini
364 2325 410 2366 ιιι
422 2297 700 2367 Commentario'
693 2322 726 2362 ιιι
756 2299 929 2399 scriptores
953 2301 1128 2366 ecclesiast
1106 2312 1187 2368 tlcos
1210 2301 1297 2366 Τοιιι.
1318 2301 1343 2364 I.

211 2414 245 2476 in
260 2411 441 2480 Eusebium
454 2387 696 2479 Caesariensem
713 2433 786 2497 pag.
802 2401 888 2495 3‘15„
901 2410 951 2480 ad.
965 2435 1038 2478 eum
1060 2415 1229 2499 pertinere·
1255 2413 1345 2498 „Mn-

211 2525 306 2592 nachi
327 2525 445 2611 aliique
467 2525 602 2590 minoris
622 2532 716 2590 notae
735 2525 795 2606 viri
810 2524 844 2590 in
859 2525 1091 2618 communione
1087 2527 1254 2594 catholica
1269 2551 1351 2592 mar·
1419 2607 1421 2609 Ι

211 2634 486 2727 tyrologiis'suis,
518 2636 665 2704 Romano
689 2637 918 2724 potissimum,
949 2613 1352 2708 infallibilitatemedseri-
1421 2698 1423 2704 .

212 2752 321 2844 buntf‘
344 2731 386 2800 -ἰ
420 2751 551 2826 ‚Scribit
573 2751 658 2816 enim
673 2749 747 2815 Lib.
762 2749 809 2821 ΙΙ.
832 2775 900 2836 cap.
913 2751 972 2816 IV.
995 2752 1166 2838 primiani
1192 2751 1354 2834 opusculi:

213 2859 318 2945 „Sane
340 2863 456 2928 mirum
479 2871 537 2946 est,
562 2861 732 2944 quosdam,
755 2863 810 2945 qui
825 2863 908 2928 inter
924 2859 1110 2928 Catholicos
1134 2864 1356 2928 connumerari

212 2962 325 3040 iolunt
347 2973 486 3059 (spectat
508 2979 614 3036 autem
633 2970 802 3054 Dupinnm
825 2982 857 3036 et
872 2969 1140 3054 Tillemontiuml)
1163 2971 1355 3047 contra'Ro-

212 3106 342 3152 manum
364 3081 628 3170 martyrologium
647 3092 717 3148 tam
738 3081 851 3146 leviter
872 3067 1013 3154 effiitire:
1035 3079 1081 3144 ιιιι
1102 3088 1147 3146 ιιι,
1160 3080 1266 3166 ipsum
1283 3080 1354 3148 nul-

211 3197 274 3264 lius
297 3194 383 3282 apud
406 3218 441 3261 se
464 3195 661 3261 auctoritatis
684 3191 882 3280 ostendant?
907 3228 948 3238 -
993 3190 1108 3258 Paullo
1135 3202 1239 3258 autem
1263 3203 1356 3262 antea

212 3308 354 3398 diruat:
394 3305 641 3395 „Martyrologii
666 3306 761 3394 hujus
785 3305 957 3372 auotoritas
980 3303 1067 3393 apud
1089 3327 1208 3392 aequos
1226 3305 1354 3393 judices

212 3427 291 3491 ιιιιιι
313 3420 357 3511 (i)
380 3443 450 3488 esse
473 3418 634 3486 deberetr‘
680 3417 725 3484 Et
747 3419 809 3484 alia
831 3416 950 3484 similia
974 3417 1046 3510 aliis¹
1076 3419 1166 3485 locis.
1205 3418 1353 3504 Respon-

135 3578 143 3590 =
212 3535 354 3602 dandum
376 3545 482 3600 tamen
504 3541 553 3599 est
574 3532 650 3598 huic
672 3530 846 3598 sententiae
868 3529 1044 3598 Bonachii:
1062 3530 1248 3617 jubentibus
1269 3530 1353 3599 Gre-

212 3648 303 3735 gorio
325 3645 441 3732 XIII,
472 3645 607 3714 Urbano
628 3643 744 3726 VIII,
777 3642 956 3710 Benedicto
977 3641 1076 3730 XIII.
1100 3643 1201 3710 multa
1223 3642 1354 3727 quidem

211 3761 245 3824 in
266 3759 496 3848 martyrologio
519 3755 764 3844 diligentissime
787 3765 932 3824 correcta
951 3755 1065 3839 fuisse,
1093 3754 1255 3840 bullisque
1277 3777 1352 3822 con-

213 3872 337 3956 ειιιιιιιι,
364 3869 488 3936 nullum
514 3881 621 3935 tamen
643 3869 833 3936 Pontificem
855 3871 968 3936 ausum
990 3889 1075 3953 esse,
1101 3866 1350 3934 infallibilem
1324 3892 1353 3934 ιι

212 3985 433 4059 auctoritatem
464 3981 691 4065 attribuere,
682 4004 747 4050 imo
781 4004 856 4047 vero
882 3981 989 4047 locum
1016 3979 1056 4046 ab
1084 3979 1221 4046 ecclesia
1242 3979 1353 4063 aequis

211 4096 487 4164 immutationibus
510 4117 584 4162 cum
605 4095 814 4182 permissione
830 4095 936 4179 Apost
923 4091 1038 4158 tolicae
1053 4091 1140 4160 sedis
1163 4091 1251 4156 omni
1271 4103 1351 4158 tem-

211 4233 299 4298 pore.
312 4220 344 4276 et
364 4207 461 4276 hodie
488 4206 619 4295 quidem
650 4207 806 4274 tributum
838 4226 926 4271 esse:
960 4227 1057 4290 quam
1079 4205 1114 4270 in
1135 4228 1202 4272 rem
1226 4201 1353 4270 citanda

212 4333 287 4390 sunt
300 4323 394 4390 nobis
408 4332 531 4390 tautum
550 4321 720 4389 Benedicti
739 4317 905 4388 Pontifiois
914 4316 1011 4384 XIV.
1027 4317 1124 4384 verba
1138 4340 1179 4384 ex
1190 4315 1351 4400 ‚Tom.IV.
