3012 4936
721 231 760 294 87

167 389 231 454 hoc
253 413 335 454 anno
359 394 572 454 recensetur.“
600 385 689 456 Citat
704 388 819 454 deinde
834 389 1103 477 Martyrologium
1120 389 1310 474 Romanum,

167 502 362 574 Panvinium
394 511 427 566 et
447 501 642 587 Ughellum,
677 511 709 567 et
735 501 872 586 de‘nique
896 502 986 584 ,sub
1007 502 1161 586 Zenonis,
1195 503 1310 586 inquit,

169 614 298 680 nomine
331 636 493 680 sermones
525 611 564 678 de
592 613 738 700 plurimis
761 613 945 700 Scripturae
973 615 1052 680 locis
1081 622 1112 678 et
1133 591 1239 680 rerum
1262 611 1310 678 di-

170 725 315 818 vinarnm
338 725 532 812 argumentis
555 723 633 790 editi
655 725 802 790 Ecclesia
825 726 1019 812 Veronensi,
1046 725 1203 791 habentur
1224 726 1310 792 Bibl.

172 837 236 900 ΡΡ.
260 835 309 902 ed.
332 837 432 902 Paris.
456 837 547 902 Tem.
562 838 607 905 Π.
630 861 703 924 pag.
719 837 798 922 359,
826 839 881 903 ubi
902 839 969 904 vita
991 837 1135 926 ejusdem
1159 839 1310 926 praemit-

171 949 249 1014 titur
249 997 353 1016 .....
398 949 683 1039 Pseudepigrapha
711 975 796 1034 esse,
823 949 897 1016 vide
919 951 1070 1018 Rivetum
1098 961 1130 1017 et
1154 949 1309 1020 Cocum.“

171 1060 267 1128 Suam
295 1064 484 1129 sententiam
512 1087 576 1128 non
607 1041 727 1150 aperite
754 1063 880 1129 videtur
911 1063 994 1129 enim
1026 1049 1189 1129 sermones
1220 1044 1310 1150 ipsos

169 1197 233 1238 non
255 1175 383 1261 legisse.
879 1244 883 1270 ,

271 1289 462 1354 Franot’aoua
490 1289 636 1374 thettcs
658 1287 862 1354 Florentinus
884 1289 997 1353 Abbas
1020 1287 1079 1354 SS.
1092 1287 1254 1352 Vincentii
1279 1299 1311 1352 et

170 1398 337 1463 Anastasii
359 1395 401 1462 ad
423 1421 522 1482 aquas
535 1385 670 1465 'Salvias
687 1397 767 1464 Ord.
785 1395 906 1464 Cisero.
929 1399 971 1478 in¹
986 1399 1100 1482 „Italia
1122 1399 1221 1466 Sacra
1243 1400 1311 1464 sive

172 1508 212 1574 de
234 1509 406 1597 Episcopis
433 1511 546 1575 Italiae
573 1522 606 1576 et
631 1509 811 1574 Insularum
840 1510 1074 1598 adjacentium“
1103 1509 1153 1575 ed.
1176 1512 1220 1575 Π.
1244 1511 1310 1576 Ve-

169 1622 383 1692 netiis1720.
427 1623 482 1689 fol.
528 1625 619 1689 Tem.
642 1625 684 1689 V.
714 1649 786 1712 pag.
810 1626 874 1690 655
897 1646 945 1708 sq.
973 1621 1013 1688 de
1036 1623 1166 1688 Verona
1187 1623 1258 1709 ipsa
1280 1633 1312 1688 et

169 1734 329 1820 episcopis
357 1735 505 1800 omnibus
532 1736 574 1800 ad
601 1761 659 1802 sna
682 1760 784 1821 usqne
807 1748 950 1820 tempore
972 1759 1036 1800 non
1059 1735 1127 1800 sine
1150 1734 1256 1800 studio
1279 1745 1311 1801 et

168 1844 336 1932 diligentia
358 1845 497 1914 disserit.
542 1847 631 1930 Quid
647 1847 687 1914 de
707 1849 835 1915 Zenone
858 1848 1010 1932 sentierit,
1034 1871 1151 1934 magna
1166 1871 1206 1912 ex
1221 1859 1310 1935 parte

165 1961 233 2042 jam
256 1959 459 2042 protulimus:
482 1959 673 2026 omninode
696 1951 732 2027 eo
756 1963 873 2027 claram
896 1961 1079 2048 opinionem
1102 1985 1165 2025 non
1187 1960 1309 2042 habuit,

171 2092 269 2154 quare
289 2093 328 2134 ex
350 2071 505 2136 Panvinio
528 2073 635 2136 omnia
657 2071 696 2137 ad
721 2097 793 2138 enm
818 2074 1008 2158 pertinentia
1029 2063 1208 2158 exscripsit.
1247 2072 1309 2137 Ta-

170 2206 243 2247 men
265 2183 413 2249 Panvinii
436 2206 565 2269 quoque
588 2185 743 2250 sententia
765 2186 793 2250 ei
817 2184 923 2250 minus
940 2185 1073 2272 probata
1088 2207 1158 2248 esse
1173 2182 1309 2266 videtur,

170 2317 267 2379 quum
291 2304 323 2361 et
344 2296 495 2362 Proclum
518 2297 609 2364 initio
633 2299 738 2383 quarti
760 2298 879 2364 saeculi
902 2307 1063 2363 mortuum
1087 2319 1157 2361 esse
1180 2293 1309 2378 diceret,

171 2429 291 2490 ponens
314 2433 387 2473 eum
410 2408 636 2476 duodecimum
659 2411 860 2496 episcopum,
893 2412 1054 2476 Zenonem
1076 2417 1198 2489 cirtem,
1231 2408 1309 2472 scri-

172 2525 294 2605 ptorem
317 2527 510 2584 tractatuum
532 2521 692 2585 decimum
716 2519 1032 2604 septimum'varium
1049 2543 1067 2580 a
1082 2519 1210 2582 Zenone
1226 2541 1308 2580 mar-

172 2635 256 2713 tyre,
280 2629 452 2713 quitatio
475 2630 591 2694 vixerit
612 2630 750 2696 saeculo.

272 2743 311 2805 In
326 2740 415 2806 Actia
434 2742 620 2808 Sanctorum
641 2743 768 2830 Aprilis
791 2740 947 2824 collectis,
972 2738 1121 2826 digestis,
1144 2739 1310 2804 illustratis

171 2876 191 2914 a
207 2853 592 2940 Godffrido'Hansoltenio
608 2864 640 2919 ct
654 2856 790 2922 Daniele
804 2855 1019 2941 Pupebrooln'o
1034 2875 1051 2915 e
1067 2850 1100 2917 S.
1113 2851 1146 2916 J.
1164 2851 1255 2917 Tom.
1265 2851 1309 2916 H.

169 2965 375 3051 Antwerpiae
401 2967 493 3032 1675.
518 2964 567 3032 ed.
592 2963 733 3034 Cnobari
757 2967 805 3052 (in
828 2963 877 3034 ed.
901 2964 1025 3029 Veneta
1047 2986 1096 3036 an.
1118 2965 1200 3029 1738
1224 2962 1310 3050 apud

171 3077 368 3144 Albrizzium
402 3077 514 3144 eodem
549 3078 640 3142 Tom.
669 3087 700 3143 et
727 3081 817 3165 pag.)
849 3101 922 3163 pag.
950 3079 1001 3143 69.
1034 3076 1065 3140 in
1103 3079 1151 3141 12.
1174 3075 1309 3162 Aprilis,

171 3189 323 3254 articulus
345 3189 543 3256 Henschenii
564 3189 691 3278 legitur.
730 3189 960 3279 ,Henschenins
986 3189 1106 3274 profert
1128 3189 1314 3268 testimonia

172 3324 310 3385 summa,
345 3313 380 3366 nt
401 3303 496 3386 solet,
530 3325 604 3368 curn
627 3301 797 3388 'diligentia
823 3311 855 3366 et
880 3298 1039 3384 doctrina,
1072 3306 1130 3386 pro
1157 3300 1309 3386 martyrio

172 3415 309 3480 Zenonis
333 3424 366 3481 et
388 3439 438 3496 ea,
462 3437 544 3500 quae
566 3425 676 3480 contra
698 3414 886 3502 martyrium
913 3414 1101 3498 loquantnr3
1129 3413 1197 3497 ipse
1221 3409 1308 3477 Con-

160 3507 325 3594 lessorem
348 3529 510 3594 Zenonem
532 3527 711 3594 vocandum
735 3551 806 3594 esse
829 3537 861 3592 et
882 3526 987 3610 quarti
1010 3524 1129 3590 saeculi
1145 3525 1309 3587 doctorem

174 3636 378 3708 demonstrat.
428 3638 640 3727 Conjecturae
673 3641 767 3730 hujus
800 3639 861 3705 viri
893 3636 1000 3722 magni
1031 3633 1194 3701 faciendae
1224 3643 1309 3716 sunt,

174 3773 290 3836 easque
311 3752 477 3820 Ballerinii
499 3754 685 3838 praesertim
709 3763 780 3818 ante
803 3751 915 3818 oculus
937 3741 1107 3813 habebant.

273 3867 436 3934 Gerendus
454 3868 594 3934 Joannes
615 3868 754 3948 Vossius,
778 3865 826 3929 vir
849 3861 935 3928 omni
957 3859 1053 3926 laude
1075 3857 1253 3925 cumulatus
1277 3857 1310 3920 in

171 3977 280 4042 Libris
307 3976 347 4042 de
370 3977 542 4068 Historicis
565 3976 690 4042 Latinis
713 3976 866 4040 Bataviae
890 3975 970 4062 1651
996 3973 1069 4038 Lib.
1093 3971 1155 4036 ΠΙ.
1178 3993 1248 4056 cap.
1263 3969 1309 4035 IL

172 4113 244 4177 pag.
262 4092 335 4174 741,
358 4090 505 4156 homilias
521 4086 581 4156 sub
600 4088 727 4158 nomine
742 4085 880 4150 Zenonis
903 4085 1005 4151 editas
1027 4107 1091 4150 non
1114 4081 1156 4148 ad
1178 4080 1309 4148 modum

171 4203 318 4287 antiquas
340 4225 411 4268 esse
433 4201 525 4268 dicit:
547 4201 655 4284 ,Sane
677 4199 798 4286 primus
821 4219 875 4264 eas
893 4195 995 4262 edidit
1010 4192 1187 4277 Guarinus,
1206 4193 1308 4258 Vero·
1359 4223 1363 4230 ·

170 4316 279 4382 nensis
302 4319 438 4380 orator.“
484 4311 652 4379 Silentium
668 4309 802 4378 Eusebii
817 4320 850 4376 et
864 4308 1055 4396 Hieronymi
1077 4317 1180 4394 urget,
1203 4306 1309 4370 locum
