3012 4936
778 243 817 310 n

229 409 340 466 contra
360 397 528 465 Patavium
555 397 800 485 disputaverunt
825 410 858 466 et
887 423 950 468 non
978 401 1082 468 solum
1106 403 1284 490 Zenonem,
1313 411 1370 478 sed

228 513 327 578 etiam'
346 511 517 576 nonnullos
539 512 776 578 Autcnicaeuos
792 513 904 580 Patres
927 514 1145 581 defenderunt.
1182 518 1222 584 In
1237 519 1369 589 Disser-

226 626 346 691 tatione
368 623 435 690 111·
456 621 595 708 denique
617 623 657 690 de
679 625 746 690 vita
766 634 799 690 et
819 625 905 692 cultu
922 611 1061 693 Zenonis
1077 627 1275 698 Veronensis
1290 635 1369 723 Epi-

227 737 318 822 scopi
344 734 643 822 copiosiusdiouut
669 741 701 801 et
726 737 909 804 examinant
934 739 1117 804 testimonia
1138 746 1285 834 martyrii
1307 749 1368 814 Ze.

227 851 331 915 nonis.
353 887 393 898 -—
439 848 674 931 Monumeutis,
709 873 791 934 quae
813 873 886 936 pag.
913 852 973 918 147
997 875 1045 936 sq.
1072 851 1179 919 locum
1213 856 1367 945 obtinent,

226 962 455 1049 praemiserant
476 959 730 1041 observationes,
761 972 967 1028 monumenta
987 963 1058 1047 ipsa
1079 966 1164 1032 uotis
1187 968 1365 1039 illustrave-

225 1083 309 1140 runt.
332 1113 373 1122 -
418 1072 586 1138 Tractatus
609 1073 642 1137 in
665 1071 747 1139 duos
769 1073 869 1140 libros
892 1073 1082 1142 diviserunt:
1105 1078 1137 1142 in
1161 1082 1261 1166 primo
1279 1084 1363 1150 libro

226 1186 427 1252 continentur
449 1207 624 1251 sermones:
668 1185 721 1250 De
743 1184 839 1269 Fide,
867 1186 907 1252 de
930 1187 1009 1274 Spe,
1032 1188 1113 1255 Fide
1135 1200 1172 1254 et¹
1187 1189 1357 1278 Charitate,

226 1297 266 1363 de
299 1296 448 1380 Justitia,
482 1297 659 1381 Pudicitia,
694 1294 914 1384 Continentia,
952 1299 1125 1385 Patientia,
1163 1302 1356 1390 Humilitate,

225 1410 365 1492 Timore,
386 1420 451 1475 tres
474 1409 514 1476 de
537 1410 692 1504 Avaritia,
715 1409 755 1476 de
778 1410 900 1498 Spiritu
922 1422 954 1478 et
977 1411 1131 1506 Corpore,
1154 1413 1195 1479 de
1215 1412 1360 1483 Circum-

225 1523 361 1607 cisione,
399 1522 439 1588 de
471 1521 637 1609 Spirituali
669 1521 890 1590 aedificatione
921 1523 1035 1592 domus
1069 1525 1148 1609 Dei,
1183 1525 1223 1592 de
1245 1529 1363 1614 triplici

225 1661 340 1726 genere
363 1635 600 1704 Sacrificiorum
629 1635 723 1702 etde
745 1635 1004 1717 Resurrectioue3
1036 1638 1109 1704 Lib.
1132 1638 1176 1703 II.
1200 1663 1363 1708 sermones

223 1749 256 1813 in
279 1749 383 1814 varios
407 1747 524 1814 Sacrae
546 1748 730 1832 Scripturas
752 1747 856 1815 locos:
879 1749 958 1816 Tres
981 1750 1075 1836 primi
1099 1750 1140 1816 de
1162 1750 1284 1818 Genesi
1307 1778 1363 1820 seu

223 1861 264 1928 de
291 1869 419 1928 aeterna
439 1858 514 1925 Filii
541 1859 605 1923 Dei
638 1860 856 1945 generatione,
889 1872 1036 1947 quartuS,
1068 1864 1124 1947 qui
1147 1862 1187 1934 de
1209 1864 1291 1932 Fide
1314 1867 1361 1931 iu-

182 1992 187 2000 ’
224 1967 387 2055 scribitur,
410 1979 564 2045 tractatus
586 1972 618 2036 in
641 1970 668 2034 1.
685 1968 831 2038 Corinth.
854 1973 933 2039 XV.
956 1976 1012 2054 243
1037 1976 1276 2061 subsequuntur
1297 1988 1361 2044 tres

223 2085 264 2152 de
285 2083 464 2154 Nativitate
484 2083 632 2166 Domini,
658 2095 723 2150 tres
750 2083 790 2150 de
812 2085 991 2170 Abraham,
1019 2087 1059 2154 de
1086 2088 1219 2156 Somnio
1245 2088 1360 2172 Jacob,

222 2197 263 2264 de
284 2197 388 2280 duda,
411 2197 459 2263 de·
473 2196 555 2280 Job,
579 2196 619 2263 de
642 2197 799 2280 Susanna,
823 2197 863 2267 de
884 2198 971 2264 Joua
993 2200 1163 2286 Propheta,
1187 2199 1227 2266 de
1249 2201 1360 2266 Natali

222 2311 256 2378 S.
279 2310 412 2375 Arcadii
434 2311 466 2374 in
490 2308 574 2374 Gen.
595 2308 622 2378 I.
645 2310 702 2391 26,
739 2308 804 2374 duo
831 2308 872 2374 de
899 2310 1029 2377 Psalmo
1057 2313 1245 2397 centesim0,
1287 2324 1360 2379 octo

221 2424 255 2488 iu
276 2422 394 2510 Isajam
417 2420 626 2507 Prophetam,
659 2431 731 2488 octo
762 2420 965 2488 invitationes
992 2421 1033 2488 ad
1055 2422 1206 2507 Fontem,
1238 2435 1359 2509 septem

222 2535 264 2602 ad
284 2536 477 2623 Neophytos
500 2543 575 2622 post
596 2535 770 2621 baptisma,
800 2557 916 2600 novem
943 2535 983 2601 de
1006 2536 1145 2620 Pascha,
1177 2537 1359 2622 quindecim

221 2647 262 2714 de
284 2648 401 2715 Exodo
432 2658 464 2713 et
494 2671 609 2713 novem
639 2645 680 2712 de
702 2647 838 2713 Daniele
860 2647 1032 2735 Propheta.
1076 2649 1243 2716 Tractatus
1275 2650 1359 2715 notia

220 2759 383 2846 perpetuis
414 2760 563 2824 illustrati
597 2770 685 2842 sunt,
720 2784 802 2845 quae
828 2783 977 2848 magnam
1000 2761 1159 2827 editorum
1180 2760 1359 2827 doctrinam

219 2871 440 2936 testificantur.
484 2871 524 2935 In
550 2870 741 2956 Appendice
772 2873 972 2938 continentur
1002 2872 1151 2938 undecim
1185 2895 1359 2957 sermones,

221 3003 303 3066 quae
324 3003 490 3068 perperam
512 2981 634 3046 Zenoni
657 2981 697 3044 ab
718 2980 895 3046 editoribus
917 2981 1147 3070 tribuebantur.

323 3091 572 3162 Conclusionem
605 3091 740 3157 faciunt:
771 3091 908 3178 epistola
929 3093 1161 3176 nuncupatoria
1182 3093 1361 3179 Augustini

219 3205 341 3272 Valerii
375 3204 564 3274 cardinalis·
590 3204 632 3272 ad
663 3204 790 3272 Sixtum
813 3201 855 3268 V.
883 3202 995 3270 dean.
1022 3206 1119 3288 1586,
1151 3205 1295 3294 Bagatae
1327 3218 1359 3272 et

218 3317 338 3384 Peretti
360 3318 514 3402 praefatio
536 3317 579 3383 ad
600 3317 733 3407 hujusce
755 3315 830 3382 anni
851 3314 1034 3400 editionem,
1056 3316 1222 3384 Francisci
1238 3317 1356 3404 Spara-

218 3431 296 3498 varii
318 3431 351 3495 in
374 3451 536 3496 sermones
558 3430 759 3496 Zenonianos
790 3437 899 3513 notae,
933 3451 1013 3514 quas
1036 3430 1085 3495 vir
1107 3429 1197 3496 hicce
1219 3431 1250 3496 in
1273 3453 1357 3496 nova

218 3541 358 3610 editione
379 3543 518 3609 Zenonis
541 3543 722 3628 imprimere
744 3542 859 3626 voluit,
882 3551 916 3606 at
938 3551 1038 3608 morte
1060 3552 1251 3628 praeventus
1274 3567 1355 3628 opus

217 3654 401 3721 inchoatum
423 3654 561 3739 reliquit.

320 3768 384 3852 na,
408 3791 490 3856 quae
511 3765 676 3832 Baherinii
699 3766 732 3830 in
755 3765 1032 3834 dissertationibus
1047 3763 1115 3832 suis
1129 3766 1356 3851 praestiterunt

216 3903 369 3966 magnum
391 3890 423 3945 et
444 3878 579 3946 arduum
602 3902 683 3964 opus
705 3879 839 3962 faciunt,
871 3879 1065 3963 maximique
1098 3879 1251 3945 momenti
1281 3890 1356 3946 snut

216 4013 321 4076 usque
340 3991 386 4057 ad·
404 4001 548 4058 nostrum
571 4001 713 4079 tempus,
744 3993 820 4076 quia
842 4000 965 4077 praeter
986 3989 1201 4072 Bonachium,
1228 3992 1283 4076 qui
1306 4015 1354 4074 ea,
1480 4043 1481 4072 ,

217 4127 298 4190 quae
320 4104 484 4170 Ballerinii
516 4113 751 4186 exshuxerant,
782 4112 922 4170 evertere
945 4111 1078 4168 conatus
1100 4111 1163 4184 est,
1196 4125 1290 4167 nemo
1313 4102 1354 4168 de
1479 4169 1480 4182 ,

216 4217 345 4282 Zenone
367 4217 495 4304 scripsit
516 4217 653 4304 propriis
676 4216 798 4282 viribus
825 4215 1031 4298 consiliisque
1058 4213 1184 4281 ductus.
1230 4213 1352 4296 Quam·

216 4352 313 4415 quam
335 4329 369 4394 in
391 4329 501 4396 multis
515 4328 707 4408 Ballerinios
730 4327 829 4395 duces
851 4325 953 4393 secuti
974 4349 1084 4392 sumus
1107 4325 1139 4390 in
1161 4325 1222 4392 hoc
1243 4324 1353 4392 libello
