3012 4936
720 278 756 341 lt

171 437 310 522 epistole
330 437 385 502 1¹³²
407 435 448 501 ad
472 435 635 522 Siagriunr
652 437 713 524 ⁴⁶),
737 437 936 524 Episcopum
953 436 1180 502 Veronensum.
1220 437 1307 505 Scri-

172 549 221 614 bit
250 549 335 614 euim
359 549 450 616 hicce
469 549 635 616 Ecclesiae
656 550 795 616 Doctor:
839 549 909 631 „Tu
947 557 1052 613 autem
1078 549 1146 614 sine
1175 549 1308 635 alicujus

243 867 275 934 ⁴⁵)
294 869 363 934 Quia
380 868 415 923 ad
433 885 488 923 rem
507 867 604 925 melius
621 867 839 938 intelligendam,
857 882 969 922 necesse
986 871 1039 936 est,
1063 869 1147 921 totam
1165 865 1309 934 epistolam

171 967 234 1016 ante
252 963 344 1018 oculos
362 963 474 1033 babere,
492 964 572 1034 haec,
591 964 691 1034 quibus
708 963 825 1018 maxime
837 977 907 1030 opus
919 966 961 1016 est
973 961 1017 1016 hic
1030 977 1064 1015 ex
1076 976 1109 1015 ea
1121 960 1309 1015 exscribimus:

170 1061 213 1110 est
238 1039 328 1111 autern
356 1057 422 1114 baec
440 1059 565 1128 epistola
591 1059 618 1113 in
641 1059 705 1114 edit.
724 1059 841 1127 Operum
859 1057 886 1112 S.
905 1056 1044 1114 Ambrosii
1062 1055 1183 1110 Maurina
1200 1055 1311 1108 Parisiis

171 1152 239 1204 1690
256 1169 299 1220 ap.
318 1153 503 1223 Coignardum
520 1153 596 1208 Tom.
610 1155 643 1208 Π.
662 1169 704 1222 ep,
717 1153 738 1208 1.
756 1153 792 1207 ad
810 1152 945 1222 Siagn‘urn
969 1152 1028 1219 (Vts
1049 1150 1144 1204 classis
1163 1151 1236 1217 lmss)
1260 1148 1309 1203 col.

171 1246 343 1300 765-771.;
381 1247 619 1316 ,Prospiciendum
646 1264 718 1318 esse,
746 1247 840 1302 scribit
857 1247 884 1302 S.
903 1245 1078 1313 Ambrosius,
1105 1259 1139 1297 ne
1161 1243 1196 1298 de
1218 1244 1311 1297 nostro

170 1339 352 1408 obloquantur
365 1342 471 1411 judicio
490 1342 620 1396 carissimi
639 1343 725 1396 nostri
741 1343 914 1398 veronenses
931 1339 1049 1409 propriis
1071 1338 1182 1393 texuisti
1206 1337 1311 1392 litteris.

170 1434 232 1488 Non
251 1433 366 1488 arbitror
383 1434 456 1504 lore,
476 1441 549 1490 certe
567 1453 621 1491 non
639 1436 735 1490 solent.
753 1436 811 1490 Aut
828 1436 851 1489 si
869 1435 1061 1504 obloquantur,
1080 1433 1115 1487 de
1133 1449 1187 1501 quo
1200 1431 1310 1500 obloqui

172 1527 292 1597 soleant,
311 1527 484 1584 hauddubie
502 1531 599 1610 liquet:
618 1546 700 1600 quum
719 1530 870 1599 exasperati
888 1530 942 1583 huc
959 1528 1083 1597 ueniant,
1106 1522 1213 1596 pacifici
1232 1527 1266 1579 ad
1284 1531 1311 1580 te

171 1626 356 1692 revertantur,
383 1625 540 1692 praesertim
568 1640 650 1695 quum
677 1623 729 1679 hoc
747 1624 881 1695 judicium
904 1628 1025 1678 nostrum
1050 1620 1260 1676 cumfratribus
1284 1625 1311 1674 et

170 1717 410 1772 consacerdotibus
428 1719 528 1773 nostris
545 1719 734 1788 participatum
762 1718 937 1788 processerit:
967 1723 997 1771 tu
1014 1722 1103 1771 autem
1122 1716 1180 1770 sine
1198 1716 1311 1786 alicujus

169 1807 260 1866 fratis
278 1813 392 1868 consilio
410 1812 462 1868 hoc
481 1814 610 1884 judicIum
629 1814 678 1869 tibi
699 1815 773 1869 solus
798 1814 990 1868 vindicandum
1014 1811 1131 1881 putaris3
1154 1811 1181 1864 in
1199 1826 1254 1879 quo
1272 1815 1310 1864 ta·
1368 1861 1371 1867 .

170 1911 313 1962 manante
327 1908 461 1978 judicium
479 1909 673 1979 praejudicinm
692 1907 801 1979 feceris,
819 1914 850 1963 ut
867 1909 984 1978 puellam
996 1907 1112 1963 Zenonis
1130 1910 1239 1960 sanctae
1257 1921 1311 1960 me-

170 2001 272 2055 moriae
297 2003 403 2072 judicio
432 2004 573 2072 probatam
602 2006 716 2075 ejusque
744 1999 938 2060 sanctificatam
965 1999 1156 2066 benedictione
1178 1994 1246 2069 'post
1271 2004 1312 2054 tot

171 2111 268 2164 annos,
287 2095 345 2150 sine
363 2102 472 2153 auctore
490 2098 696 2169 criminationis,
721 2099 779 2154 sine
798 2103 969 2172 accusatore,
991 2096 1049 2152 sine
1067 2095 1221 2166 professore
1239 2093 1311 2148 dela-

171 2190 267 2260 tionis,
294 2191 322 2245 in
348 2191 496 2261 periculum
523 2197 613 2248 reatus
640 2193 826 2248 deducendam
853 2193 995 2248 arbitrare:
1023 2191 1066 2246 cui
1085 2190 1188 2248 invidia
1206 2194 1312 2243 esseta

170 2286 259 2354 vanis,
273 2285 321 2342 ·ab
348 2286 505 2358 haereticis,
533 2294 562 2342 ut
588 2289 641 2357 ipsi
668 2289 774 2358 volunt,
802 2306 818 2344 a
841 2288 965 2356 turpibus
988 2285 1112 2355 personis
1130 2285 1246 2368 conflata
1263 2299 1311 2351 per

170 2380 273 2448 scelus,
300 2397 349 2449 per
366 2383 518 2452 avaritiam,
546 2399 596 2452 per
613 2383 858 2452 intemperantiam,
885 2381 1083 2451 quaerentibus·
1104 2365 1206 2449 proprii
1223 2378 1311 2434 'liber-

170 2477 252 2527 tatem
271 2474 383 2544 flagitii,
409 2477 502 2550 absseis
520 2482 670 2546 postremo,
698 2478 744 2546 qui
769 2478 852 2531 domo
875 2479 934 2547 ejus
957 2476 1036 2546 ejecti
1059 2475 1189 2530 eliminati
1213 2463 1309 2542 forent,

171 2567 246 2636 quod
268 2568 402 2624 discolera
425 2587 509 2639 opera
533 2570 721 2641 subtexerent,
744 2587 824 2640 quam
842 2571 929 2639 prima
946 2569 1034 2624 fronte
1052 2581 1117 2642 strae
1135 2568 1312 2637 professionis

171 2663 389 2730 praetenderunt.
407 2681 435 2717 n.
449 2663 475 2717 2.
494 2665 658 2734 Hujusmodi
671 2670 850 2733 accusatores,
868 2664 1023 2735 hujusmodi
1041 2668 1126 2718 testes
1144 2665 1170 2717 ln
1189 2669 1236 2717 tuo
1249 2679 1311 2716 con-

171 2755 303 2811 stituebas
321 2758 431 2827 judicis,
449 2759 495 2827 qui
514 2774 601 2827 neque
620 2775 746 2814 accusare
764 2760 908 2828 audebant,
927 2774 1014 2827 neque
1032 2759 1176 2814 delationis
1194 2775 1223 2818 se
1240 2773 1311 2812 nexu

170 2851 301 2922 obligare,
320 2859 401 2921 atque
414 2853 453 2908 ita
464 2853 626 2922 inspectioni
643 2854 851 2924 adjudicandam
870 2854 1054 2909 constituebas
1072 2854 1213 2924 virgInem,
1231 2869 1310 2922 quam

169 2945 257 3000 nullus
283 2953 421 3017 argueret,
448 2947 538 3002 nullus
565 2947 689 3004 deferret.
732 2949 785 3004 Ubi
803 2949 871 3004 haec
888 2949 1053 3019 cognitionis
1071 2949 1245 3004 solemnitas?
1281 2948 1309 3004 Si

168 3041 244 3110 leges
262 3042 387 3110 publicas
404 3043 615 3114 interrogamus,
633 3050 817 3100 accusatorem
836 3045 962 3114 exigunt:
981 3043 1004 3099 si
1022 3027 1173 3100 Ecclesiae:
1203 3044 1309 3113 „Duo-

168 3135 233 3204 bus,
260 3137 348 3206 inquit
366 3137 470 3205 (Matth.
482 3138 583 3200 XVIII.
595 3141 661 3209 la),
689 3144 716 3193 et
733 3139 820 3194 tribus
842 3140 957 3194 testibus
975 3144 1030 3194 stet
1047 3156 1125 3194 omne
1149 3138 1308 3194 verbum““:

170 3231 226 3284 sed·
236 3229 290 3284 illis
306 3232 436 3302 testibus,
460 3233 507 3302 qui
529 3239 592 3288 ante
615 3234 769 3290 hesternum
788 3240 815 3289 et
832 3235 1054 3292 medius-tertius
1071 3251 1125 3290 non
1143 3233 1243 3300 fuerint
1260 3232 1308 3287 ini·

169 3324 242 3394 mici,
260 3341 295 3379 ne
312 3326 377 3379 irati
392 3342 490 3382 nocere
508 3329 629 3400 cupiant,
647 3347 682 3386 ne
700 3331 767 3386 laesi
785 3330 879 3384 ulcisci
897 3345 927 3384 se
939 3327 1032 3386 velint.
1054 3347 1082 3384 a.
1095 3327 1123 3384 5.
1142 3329 1214 3394 Quid
1225 3327 1309 3397 igitur

168 3419 219 3473 sibi
238 3419 317 3490 velit,
347 3425 376 3474 et
398 3422 472 3489 quod
495 3428 613 3494 spectet,
644 3407 718 3493 quod
744 3425 918 3480 obstetricem
945 3423 1126 3479 adhibendam
1153 3422 1307 3491 credideris,

168 3531 221 3569 non
233 3531 345 3584 possum
357 3517 507 3572 advertere.
534 3519 610 3573 Itane
628 3535 695 3590 ergo
713 3520 827 3574 liberum
845 3519 896 3574 erit
912 3535 1040 3574 accusare
1058 3517 1183 3572 omnibus
1201 3521 1229 3571 et
1247 3532 1306 3571 cum

168 3610 327 3678 probatione
345 3611 505 3682 destiterint,
524 3613 637 3683 parebit,
655 3619 686 3668 ut
696 3613 855 3684 genitalium
869 3618 1034 3668 secretorum
1052 3617 1147 3680 petant
1164 3611 1307 3680 inspectio·

168 3721 228 3760 nem
246 3711 275 3760 et
291 3708 451 3764 addicentur
468 3723 575 3776 semper
593 3723 685 3764 sacrae
702 3709 823 3779 virgines
846 3710 881 3764 ad
903 3707 1060 3778 hujusmodi
1086 3706 1214 3776 ludibria,
1238 3723 1307 3775 quae

169 3802 196 3852 et
212 3800 273 3855 visu
296 3807 324 3857 et
345 3803 453 3871 auditu,
480 3803 584 3858 horrori
612 3805 640 3858 et
665 3805 763 3872 pudori
789 3805 872 3858 sunt?
907 3821 935 3858 a.
949 3802 995 3857 12.
1014 3803 1054 3857 At
1070 3801 1140 3856 sorte
1159 3800 1308 3856 sterilitatis
1415 3825 1419 3833 ·

169 3896 281 3951 obtentu
298 3897 429 3953 abscondi
447 3899 475 3953 in
493 3898 630 3968 aliquibus
648 3899 737 3966 possit
761 3899 902 3968 flagitium.
938 3899 990 3952 Hic
1016 3913 1082 3952 vero
1108 3913 1191 3966 quum
1218 3897 1308 3952 adibas

168 3996 260 4059 partus
278 3996 306 4046 et
322 3994 474 4064 expositus,
497 3994 543 4048 vel
559 3998 671 4048 necatus
690 3993 765 4061 (dum
782 3993 902 4048 invidiae
920 3994 1022 4064 magis,
1048 4009 1128 4063 quarn
1152 3991 1307 4061 probationi

168 4085 325 4154 consulitur)
344 4088 491 4157 dissipatus
509 4089 545 4143 sit
562 4106 613 4158 per
629 4103 708 4142 aures
727 4089 924 4156 universorum,
952 4088 1119 4158 strangulata
1137 4093 1180 4142 est
1196 4087 1307 4142 libertas

168 4180 373 4252 calumniarum,
391 4183 414 4237 si
432 4185 545 4254 peperit.
582 4185 685 4254 Nempe
703 4185 828 4240 Veronae
854 4181 920 4252 fuit,
947 4183 1085 4240 visebatur
1111 4181 1265 4252 frequenter
1291 4199 1308 4236 a

166 4275 317 4346 virginibus
339 4282 367 4332 et
388 4278 559 4349 mulieribus;
583 4281 613 4334 in
636 4279 739 4336 honore
765 4278 837 4334 enim
857 4293 964 4348 semper
981 4283 1046 4334 erat.
1082 4279 1228 4336 Visebatur
1245 4282 1307 4334 eta

167 4372 353 4428 sacerdotibus
388 4377 500 4442 propter
534 4375 681 4443 pudititiae
716 4375 894 4432 reverentiam
929 4379 957 4430 et
986 4369 1141 4446 gravitatis
1158 4373 1305 4444 speculum.
