3012 4936
784 209 824 274 30

236 369 309 432 retti
332 371 481 450 fecerant,
504 367 557 433 cui
575 365 698 454 judicio
721 367 775 434 alii
795 368 888 434 multi
903 368 1075 454 scriptores
1090 368 1198 434 album
1214 367 1378 434 calculum

237 479 435 565 adjecerunt,
466 479 627 543 Zenonem
654 502 709 544 eos
739 478 868 564 quidem
892 491 1035 566 spectare
1058 482 1201 566 potuisse
1222 503 1376 566 praecur-

236 614 325 656 sores
347 591 417 654 Arii
440 591 508 674 qui,
542 591 698 677 pallidum
712 591 835 656 erroris
857 591 965 656 lumen
987 594 1016 656 ei
1038 593 1275 678 praetulissent,
1307 616 1377 678 quo

236 703 289 767 ille
322 713 434 789 postea
467 701 621 766 mundum
655 703 850 788 conflagrare
881 713 1014 770 conatus
1048 715 1148 786 esset,
1184 706 1375 790 praesertim

236 825 341 878 autem
364 814 548 900 Originem‚
581 815 620 878 ab
651 813 834 900 Epiphanio
865 825 897 880 et
923 815 1123 903 Hieronymo
1150 815 1277 880 Patrem
1299 816 1376 880 Arii
1419 831 1424 838 ·

234 935 396 990 vocatum:
418 924 476 990 sed
499 913 769 1009 quemadmodum
792 926 839 991 illi
862 926 927 992 dno
949 937 1056 1013 patres
1075 927 1170 992 nimis
1185 925 1281 1012 longe
1296 951 1374 1014 pro-

235 1038 337 1123 gressi
369 1047 456 1118 sunt,
489 1037 574 1102 hunc
604 1037 762 1122 insignem
793 1039 895 1102 virum
922 1039 955 1103 iu
978 1038 1038 1102 hac
1060 1039 1191 1104 materia
1212 1039 1375 1104 immerito

234 1149 434 1233 damnantes,
458 1149 513 1233 qui
535 1149 569 1212 in
591 1149 759 1214 recentiori
781 1161 924 1236 tempore
946 1150 978 1214 in
1000 1149 1062 1214 hoc
1084 1160 1202 1234 puncto
1220 1154 1293 1236 jure
1313 1175 1373 1216 va-

233 1261 316 1326 lidos
344 1261 464 1325 invenit
491 1260 692 1347 defensores,
715 1262 760 1326 ita
786 1262 882 1326 etiam
904 1262 983 1326 haec
1004 1285 1084 1347 grex
1106 1262 1287 1326 criticorum
1310 1263 1373 1326 mi-

232 1397 344 1438 norum
368 1374 511 1458 gentium
533 1374 565 1437 in
588 1373 685 1438 verba
706 1383 952 1438 memoratorum
975 1383 1100 1459 patrum
1118 1377 1249 1459 jurans,
1282 1374 1374 1438 nulla

232 1509 308 1550 cura
329 1496 361 1550 et
382 1485 549 1570 diligentia
571 1483 729 1566 adhibita,
752 1485 943 1550 Zenonianis
966 1484 1071 1549 verbis
1095 1485 1247 1570 Origenis
1270 1486 1373 1550 voluit

231 1598 431 1682 interponere
453 1596 742 1682 reprehensionem.
1290 1605 1293 1612 ’

333 1708 431 1790 Quod
453 1708 495 1772 ad
516 1709 589 1772 Arii
611 1708 723 1771 attinet
745 1707 938 1788 doctrinam,
971 1721 1083 1789 pauca'
1106 1706 1146 1772 de
1178 1731 1216 1772 ea
1244 1718 1370 1772 tantum

231 1821 324 1885 nobis
358 1830 432 1884 sunt
463 1817 607 1883 dicenda.
651 1817 751 1904 Apud
774 1809 982 1884 Athanaricum
1015 1819 1047 1882 in
1079 1818 1134 1882 lib.
1169 1819 1209 1884 de
1241 1820 1369 1907 synodo

230 1931 391 2017 propriam
413 1930 592 1995 invenimus
603 1930 675 1994 Arii
698 1929 822 1994 deDeo
845 1931 1048 1995 sententiam:
1072 1932 1243 2013 ,Οἴδαμεη
1265 1933 1371 2016 inquit

229 2043 344 2124 AriUS,
376 2043 428 2108 ἵνα
449 2044 537 2123 θεὸν,
569 2044 661 2123 μόνον
682 2044 834 2127 ἀγένητον,
866 2045 957 2124 μόνον
979 2045 1091 2123 atritas,
1116 2045 1207 2124 μόνον
1228 2043 1370 2130 ἄναρχον,

228 2157 319 2237 μόνον
340 2155 492 2235 distentu,
513 2155 603 2236 μόνον
625 2158 798 2220 ἀθανασίαν
820 2159 933 2239 ἔχοντα,
954 2156 1046 2235 μόνον
1061 2157 1162 2238 σοφόν,
1183 2157 1275 2236 μόνον
1297 2159 1369 2239 ἀγα-

229 2267 575 2348 &communicationem
595 2266 717 2331 πάντων
732 2269 844 2351 κριτήν,
865 2267 1022 2346 διοικητήν,
1043 2266 1208 2347 οἰκονόμον,
1230 2267 1365 2348 ἄξεπτον,

229 2385 280 2444 καὶ
302 2381 519 2444 conatusne
543 2387 603 2442 etc.

329 2489 421 2556 Haec
443 2491 549 2556 omnia
571 2491 669 2556 Arius
692 2489 733 2556 ad
755 2500 877 2576 patrem
899 2499 1022 2554 tantum
1044 2489 1215 2572 referebat,
1248 2489 1365 2556 Filium

228 2613 334 2668 autem
357 2612 534 2668 creaturam
557 2627 627 2670 esse
650 2603 800 2686 docebat,
828 2626 909 2688 quae
932 2613 1004 2668 ante
1027 2627 1120 2668 omne
1143 2613 1269 2690 tempus
1292 2627 1363 2690 pro-

229 2715 326 2780 ducta
352 2725 454 2794 esset,
486 2716 697 2781 otmundum
720 2726 850 2782 crearet.
894 2717 1067 2780 Marcellus
1089 2719 1183 2801 episc.
1206 2715 1363 2800 Amyron.

227 2828 261 2889 in
289 2825 381 2910 epist.
403 2825 445 2890 ad
467 2826 592 2890 Julium
614 2827 736 2911 Papam
758 2827 837 2890 laum
868 2825 953 2911 apud
978 2827 1187 2890 Gattaodinm
1209 2824 1299 2886 Tom.
1324 2826 1363 2890 V.

228 2959 301 3021 pag.
320 2938 368 3000 16.
391 2961 421 3000 n.
434 2938 465 3002 2.
480 2936 525 2999 ita
547 2935 587 3000 de
610 2939 678 3021 ejus
702 2936 858 3000 sententia
879 2934 1021 2999 disserit:
1047 2933 1157 3012 ,Ἀλλὰ
1172 2931 1228 2997 κᾶν
1248 2941 1363 3012 λέγουσι

228 3057 260 3112 ἐκ
282 3050 333 3111 τοῦ
355 3051 444 3128 θεοῦ,
475 3047 568 3123 ὅντως
595 3055 711 3129 λέγουσι
736 3048 779 3124 ὥς
804 3047 879 3110 κατὰ
906 3045 1004 3109 πάντα
1025 3047 1067 3106 ἔτι
1087 3041 1148 3123 μὴν
1169 3047 1233 3122 καὶ,
1264 3042 1308 3108 t‘a
1328 3034 1362 3122 ἧν

228 3184 313 3237 ποτε,
342 3158 390 3222 ὅτε
412 3163 465 3223 οὖν
490 3153 538 3238 οἷν,
571 3166 664 3240 λέγειν
690 3159 824 3239 τίλμωσι
849 3162 900 3220 καὶ
924 3162 1035 3233 κτίσμα
1062 3158 1113 3218 καὶ
1137 3163 1253 3236 ποίημα
1278 3153 1362 3244 εἶναι,

227 3271 402 3355 διορίζοντες
428 3270 515 3335 αὐτὸν
541 3271 675 3334 ἀπὸτοῦ
694 3269 836 3354 πατρός.“
887 3263 939 3333 Cf.
961 3263 1056 3328 etiam
1083 3266 1215 3354 Lucifer
1238 3267 1358 3332 Culum·

228 3393 321 3445 tuone
347 3381 381 3444 iu
407 3379 499 3465 epist.
527 3378 569 3442 ad
591 3375 758 3444 Constant.
782 3401 840 3465 pro
862 3377 1040 3443 Athanasio
1063 3378 1136 3444 Lib.
1151 3377 1178 3442 Ι.
1194 3401 1274 3462 pag.
1293 3378 1358 3441 173.

227 3518 257 3556 n.
272 3495 324 3558 43.
348 3516 398 3577 op.
421 3491 629 3557 Gallurtdinm
652 3489 744 3554 Torn.
760 3491 801 3556 V.
825 3529 866 3538 -
909 3490 984 3556 Lib.
1006 3489 1049 3554 Π.
1079 3514 1109 3554 n.
1135 3493 1162 3554 1.
1196 3511 1268 3573 pag.
1293 3489 1358 3554 180.

228 3606 358 3668 Morcus
383 3604 568 3668 Diodoctue
600 3601 634 3664 in
665 3601 818 3668 Sermone
849 3612 961 3668 contra
987 3601 1102 3666 Arium
1133 3623 1182 3684 ap.
1211 3601 1356 3666 Gallaud.
1474 3611 1475 3670 t

227 3716 319 3781 Tom.
334 3713 376 3778 V.
398 3735 471 3799 pag.
488 3714 561 3778 257.
584 3751 626 3760 -
672 3713 775 3797 „Eos,
803 3715 859 3798 qui
881 3713 1005 3780 dicunt:
1033 3711 1125 3794 Erat,
1148 3711 1277 3795 quando
1298 3735 1355 3776 non

227 3836 294 3892 erat
315 3836 347 3890 et
369 3825 477 3910 prius,
511 3847 606 3908 quam
640 3837 823 3890 nasceretur
857 3826 1009 3912 (legimus
1038 3822 1122 3906 apud
1150 3825 1353 3890 Phoebadinm

226 3938 324 4022 episc.
353 3935 580 4020 Aginisensem
609 3935 681 4002 adv.
703 3938 818 4002 Arium
845 3935 1000 4021 opusculo
1022 3933 1066 3998 H.
1089 3933 1130 4000 de
1151 3934 1216 4001 fide
1237 3933 1351 4000 orthod.
1466 3961 1470 4094 p

227 4046 379 4115 Gallaud.
402 4046 493 4112 Tem.
506 4046 548 4112 V.
570 4071 644 4134 pag.
654 4051 755 4136 257),
789 4060 822 4114 et
853 4046 1040 4112 mutabilem
1065 4055 1097 4110 et
1123 4047 1350 4112 convertibiiem

225 4181 296 4226 esse
319 4159 436 4224 Filium
463 4159 542 4241 Dei,
580 4160 640 4224 hos
673 4161 917 4226 anathematisat
947 4158 1104 4224 catholica
1130 4172 1162 4224 et
1187 4155 1349 4243 apostolica
1464 4175 1467 4301 p

227 4272 395 4343 ecclesia!“
431 4271 496 4337 Hic
519 4273 649 4336 omnino
669 4273 730 4336 tuit
750 4272 823 4336 Arii
845 4293 944 4336 error:
966 4269 1133 4337 videamus
1154 4291 1253 4348 nunc,
1280 4289 1348 4349 quo·
1464 4319 1465 4372 p
