<?xml version="1.0" encoding="UTF-8"?>
<!DOCTYPE html PUBLIC "-//W3C//DTD XHTML 1.0 Transitional//EN"
    "http://www.w3.org/TR/xhtml1/DTD/xhtml1-transitional.dtd">
<html xmlns="http://www.w3.org/1999/xhtml" xml:lang="en" lang="en">
 <head>
  <title>
</title>
<meta http-equiv="Content-Type" content="text/html;charset=utf-8" />
  <meta name='ocr-system' content='tesseract 3.04.00' />
  <meta name='ocr-capabilities' content='ocr_page ocr_carea ocr_par ocr_line ocrx_word'/>
</head>
<body>
  <div class='ocr_page' id='page_1' title='image "./zenoveronensise00jazdgoog_0033.png"; bbox 0 0 3012 4936; ppageno 0'>
   <div class='ocr_carea' id='block_1_1' title="bbox 759 275 800 340">
    <p class='ocr_par' dir='ltr' id='par_1_1' title="bbox 759 275 800 340">
     <span class='ocr_line' id='line_1_1' title="bbox 759 275 800 340; baseline 0 0"><span class='ocrx_word' id='word_1_1' title='bbox 759 275 800 340; x_wconf 68' lang='lat'>218</span> 
     </span>
    </p>
   </div>
   <div class='ocr_carea' id='block_1_2' title="bbox 212 433 1390 4433">
    <p class='ocr_par' dir='ltr' id='par_1_2' title="bbox 212 433 1390 4433">
     <span class='ocr_line' id='line_1_2' title="bbox 212 433 1390 517; baseline 0.001 -22"><span class='ocrx_word' id='word_1_2' title='bbox 212 456 333 498; x_wconf 90' lang='lat' dir='ltr'>errores</span> <span class='ocrx_word' id='word_1_3' title='bbox 369 443 399 498; x_wconf 91' lang='lat' dir='ltr'>et</span> <span class='ocrx_word' id='word_1_4' title='bbox 437 435 654 500; x_wconf 83' lang='lat' dir='ltr'>dissensiones</span> <span class='ocrx_word' id='word_1_5' title='bbox 691 459 710 497; x_wconf 88' lang='lat' dir='ltr'>a</span> <span class='ocrx_word' id='word_1_6' title='bbox 745 459 838 517; x_wconf 86' lang='lat' dir='ltr'>vera,</span> <span class='ocrx_word' id='word_1_7' title='bbox 876 457 896 498; x_wconf 91' lang='lat' dir='ltr'>a</span> <span class='ocrx_word' id='word_1_8' title='bbox 932 434 1064 502; x_wconf 86' lang='lat' dir='ltr'>Christo</span> <span class='ocrx_word' id='word_1_9' title='bbox 1101 437 1199 501; x_wconf 91' lang='lat' dir='ltr'>nobis</span> <span class='ocrx_word' id='word_1_10' title='bbox 1248 433 1390 497; x_wconf 86' lang='lat' dir='ltr'>tradita</span> 
     </span>
     <span class='ocr_line' id='line_1_3' title="bbox 212 543 1388 633; baseline -0.001 -25"><span class='ocrx_word' id='word_1_11' title='bbox 212 543 372 627; x_wconf 87' lang='lat' dir='ltr'>doctrina,</span> <span class='ocrx_word' id='word_1_12' title='bbox 404 549 459 630; x_wconf 86' lang='lat' dir='ltr'>qui</span> <span class='ocrx_word' id='word_1_13' title='bbox 481 548 574 612; x_wconf 87' lang='lat' dir='ltr'>nobis</span> <span class='ocrx_word' id='word_1_14' title='bbox 597 546 700 630; x_wconf 86' lang='lat' dir='ltr'>dedit,</span> <span class='ocrx_word' id='word_1_15' title='bbox 724 547 811 632; x_wconf 90' lang='lat' dir='ltr'>quod</span> <span class='ocrx_word' id='word_1_16' title='bbox 834 557 1001 633; x_wconf 68' lang='lat' dir='ltr'>acceperat</span> <span class='ocrx_word' id='word_1_17' title='bbox 1022 571 1042 611; x_wconf 88' lang='lat' dir='ltr'>a</span> <span class='ocrx_word' id='word_1_18' title='bbox 1063 559 1166 633; x_wconf 88' lang='lat' dir='ltr'>patre,</span> <span class='ocrx_word' id='word_1_19' title='bbox 1190 548 1232 609; x_wconf 91' lang='lat' dir='ltr'>in</span> <span class='ocrx_word' id='word_1_20' title='bbox 1262 544 1388 610; x_wconf 86' lang='lat' dir='ltr'>aureis</span> 
     </span>
     <span class='ocr_line' id='line_1_4' title="bbox 212 657 1390 746; baseline -0.001 -26"><span class='ocrx_word' id='word_1_21' title='bbox 212 665 244 720; x_wconf 89' lang='lat' dir='ltr'>et</span> <span class='ocrx_word' id='word_1_22' title='bbox 276 659 424 741; x_wconf 82' lang='lat' dir='ltr'>pretiosis</span> <span class='ocrx_word' id='word_1_23' title='bbox 459 659 617 746; x_wconf 80' lang='lat' dir='ltr'>evangelii</span> <span class='ocrx_word' id='word_1_24' title='bbox 654 661 703 726; x_wconf 91' lang='lat' dir='ltr'>sui</span> <span class='ocrx_word' id='word_1_25' title='bbox 743 659 845 741; x_wconf 82' lang='lat' dir='ltr'>vasis,</span> <span class='ocrx_word' id='word_1_26' title='bbox 882 670 972 723; x_wconf 84' lang='lat' dir='ltr'>tanta</span> <span class='ocrx_word' id='word_1_27' title='bbox 1007 681 1080 723; x_wconf 91' lang='lat' dir='ltr'>cum</span> <span class='ocrx_word' id='word_1_28' title='bbox 1116 657 1390 744; x_wconf 85' lang='lat' dir='ltr'>perseverantia</span> 
     </span>
     <span class='ocr_line' id='line_1_5' title="bbox 214 769 1387 856; baseline 0.003 -27"><span class='ocrx_word' id='word_1_29' title='bbox 214 770 493 853; x_wconf 83' lang='lat' dir='ltr'>oppugnabantur3</span> <span class='ocrx_word' id='word_1_30' title='bbox 525 769 583 836; x_wconf 88' lang='lat' dir='ltr'>sed</span> <span class='ocrx_word' id='word_1_31' title='bbox 606 771 728 836; x_wconf 81' lang='lat' dir='ltr'>sciebat</span> <span class='ocrx_word' id='word_1_32' title='bbox 749 771 897 835; x_wconf 83' lang='lat' dir='ltr'>Ecclesia</span> <span class='ocrx_word' id='word_1_33' title='bbox 918 769 982 836; x_wconf 88' lang='lat' dir='ltr'>Dei</span> <span class='ocrx_word' id='word_1_34' title='bbox 1004 770 1105 835; x_wconf 83' lang='lat' dir='ltr'>divini</span> <span class='ocrx_word' id='word_1_35' title='bbox 1127 769 1387 856; x_wconf 79' lang='lat' dir='ltr'>gubernatoris</span> 
     </span>
     <span class='ocr_line' id='line_1_6' title="bbox 213 880 1385 968; baseline 0 -26"><span class='ocrx_word' id='word_1_36' title='bbox 213 880 279 943; x_wconf 87' lang='lat' dir='ltr'>suis</span> <span class='ocrx_word' id='word_1_37' title='bbox 306 880 579 946; x_wconf 85' lang='lat' dir='ltr'>exhortationibus</span> <span class='ocrx_word' id='word_1_38' title='bbox 609 892 642 946; x_wconf 89' lang='lat' dir='ltr'>et</span> <span class='ocrx_word' id='word_1_39' title='bbox 674 882 852 968; x_wconf 82' lang='lat' dir='ltr'>prophetiis</span> <span class='ocrx_word' id='word_1_40' title='bbox 883 881 1011 964; x_wconf 89' lang='lat' dir='ltr'>edocta,</span> <span class='ocrx_word' id='word_1_41' title='bbox 1044 891 1094 946; x_wconf 88' lang='lat' dir='ltr'>tot</span> <span class='ocrx_word' id='word_1_42' title='bbox 1118 881 1385 965; x_wconf 84' lang='lat' dir='ltr'>Apostolorum</span> 
     </span>
     <span class='ocr_line' id='line_1_7' title="bbox 213 991 1385 1080; baseline 0 -26"><span class='ocrx_word' id='word_1_43' title='bbox 213 991 317 1055; x_wconf 85' lang='lat' dir='ltr'>ell&#39;atis</span> <span class='ocrx_word' id='word_1_44' title='bbox 350 1003 550 1077; x_wconf 88' lang='lat' dir='ltr'>praeparata,</span> <span class='ocrx_word' id='word_1_45' title='bbox 585 994 617 1058; x_wconf 90' lang='lat' dir='ltr'>in</span> <span class='ocrx_word' id='word_1_46' title='bbox 647 993 733 1060; x_wconf 89' lang='lat' dir='ltr'>ovile</span> <span class='ocrx_word' id='word_1_47' title='bbox 763 994 885 1061; x_wconf 83' lang='lat' dir='ltr'>Christi</span> <span class='ocrx_word' id='word_1_48' title='bbox 915 1015 1047 1080; x_wconf 78' lang='lat' dir='ltr'>rapaces</span> <span class='ocrx_word' id='word_1_49' title='bbox 1078 993 1263 1079; x_wconf 81' lang='lat' dir='ltr'>irrepturos</span> <span class='ocrx_word' id='word_1_50' title='bbox 1299 1013 1385 1056; x_wconf 85' lang='lat' dir='ltr'>esse</span> 
     </span>
     <span class='ocr_line' id='line_1_8' title="bbox 213 1103 1383 1192; baseline 0 -28"><span class='ocrx_word' id='word_1_51' title='bbox 213 1103 322 1186; x_wconf 90' lang='lat' dir='ltr'>lupos,</span> <span class='ocrx_word' id='word_1_52' title='bbox 346 1104 503 1168; x_wconf 80' lang='lat' dir='ltr'>sentiebat</span> <span class='ocrx_word' id='word_1_53' title='bbox 522 1105 684 1189; x_wconf 76' lang='lat' dir='ltr'>Ecclesia,</span> <span class='ocrx_word' id='word_1_54' title='bbox 709 1117 876 1192; x_wconf 78' lang='lat' dir='ltr'>„oportere</span> <span class='ocrx_word' id='word_1_55' title='bbox 898 1115 929 1170; x_wconf 89' lang='lat' dir='ltr'>et</span> <span class='ocrx_word' id='word_1_56' title='bbox 951 1107 1097 1170; x_wconf 81' lang='lat' dir='ltr'>haereses</span> <span class='ocrx_word' id='word_1_57' title='bbox 1118 1127 1203 1186; x_wconf 90' lang='lat' dir='ltr'>esse,</span> <span class='ocrx_word' id='word_1_58' title='bbox 1230 1114 1287 1186; x_wconf 89' lang='lat' dir='ltr'>ut,</span> <span class='ocrx_word' id='word_1_59' title='bbox 1316 1103 1383 1188; x_wconf 90' lang='lat' dir='ltr'>qui</span> 
     </span>
     <span class='ocr_line' id='line_1_9' title="bbox 216 1213 1380 1303; baseline 0.002 -27"><span class='ocrx_word' id='word_1_60' title='bbox 216 1213 339 1298; x_wconf 88' lang='lat' dir='ltr'>probati</span> <span class='ocrx_word' id='word_1_61' title='bbox 362 1215 439 1298; x_wconf 88' lang='lat' dir='ltr'>sint,</span> <span class='ocrx_word' id='word_1_62' title='bbox 474 1218 632 1282; x_wconf 81' lang='lat' dir='ltr'>manifesti</span> <span class='ocrx_word' id='word_1_63' title='bbox 664 1219 743 1282; x_wconf 85' lang='lat' dir='ltr'>fiant</span> <span class='ocrx_word' id='word_1_64' title='bbox 774 1219 815 1303; x_wconf 90' lang='lat' dir='ltr'>(I.</span> <span class='ocrx_word' id='word_1_65' title='bbox 833 1218 908 1285; x_wconf 84' lang='lat' dir='ltr'>Cor.</span> <span class='ocrx_word' id='word_1_66' title='bbox 924 1217 987 1282; x_wconf 85' lang='lat' dir='ltr'>XI.</span> <span class='ocrx_word' id='word_1_67' title='bbox 1010 1218 1085 1302; x_wconf 76' lang='lat' dir='ltr'>la).</span> <span class='ocrx_word' id='word_1_68' title='bbox 1137 1213 1212 1280; x_wconf 93' lang='lat' dir='ltr'>Hoc</span> <span class='ocrx_word' id='word_1_69' title='bbox 1249 1225 1380 1280; x_wconf 84' lang='lat' dir='ltr'>autem</span> 
     </span>
     <span class='ocr_line' id='line_1_10' title="bbox 215 1327 1379 1414; baseline 0.002 -26"><span class='ocrx_word' id='word_1_70' title='bbox 215 1347 415 1412; x_wconf 87' lang='lat' dir='ltr'>summopere</span> <span class='ocrx_word' id='word_1_71' title='bbox 439 1327 614 1394; x_wconf 76' lang='lat' dir='ltr'>Christiani</span> <span class='ocrx_word' id='word_1_72' title='bbox 642 1331 746 1396; x_wconf 84' lang='lat' dir='ltr'>affecti</span> <span class='ocrx_word' id='word_1_73' title='bbox 774 1341 863 1396; x_wconf 89' lang='lat' dir='ltr'>erant</span> <span class='ocrx_word' id='word_1_74' title='bbox 888 1327 1062 1410; x_wconf 90' lang='lat' dir='ltr'>desiderio,</span> <span class='ocrx_word' id='word_1_75' title='bbox 1089 1338 1125 1392; x_wconf 92' lang='lat' dir='ltr'>ut</span> <span class='ocrx_word' id='word_1_76' title='bbox 1145 1329 1178 1392; x_wconf 89' lang='lat' dir='ltr'>in</span> <span class='ocrx_word' id='word_1_77' title='bbox 1200 1328 1379 1414; x_wconf 86' lang='lat' dir='ltr'>probato-</span> 
     </span>
     <span class='ocr_line' id='line_1_11' title="bbox 215 1439 1377 1526; baseline 0.001 -27"><span class='ocrx_word' id='word_1_78' title='bbox 215 1457 283 1500; x_wconf 90' lang='lat' dir='ltr'>rum</span> <span class='ocrx_word' id='word_1_79' title='bbox 308 1450 500 1522; x_wconf 87' lang='lat' dir='ltr'>ponerentur</span> <span class='ocrx_word' id='word_1_80' title='bbox 522 1463 668 1524; x_wconf 86' lang='lat' dir='ltr'>numcm,</span> <span class='ocrx_word' id='word_1_81' title='bbox 696 1452 728 1507; x_wconf 90' lang='lat' dir='ltr'>et</span> <span class='ocrx_word' id='word_1_82' title='bbox 749 1453 835 1508; x_wconf 89' lang='lat' dir='ltr'>metu</span> <span class='ocrx_word' id='word_1_83' title='bbox 858 1441 980 1526; x_wconf 91' lang='lat' dir='ltr'>impleti</span> <span class='ocrx_word' id='word_1_84' title='bbox 1003 1463 1041 1506; x_wconf 90' lang='lat' dir='ltr'>ac</span> <span class='ocrx_word' id='word_1_85' title='bbox 1066 1449 1199 1522; x_wconf 83' lang='lat' dir='ltr'>terrore,</span> <span class='ocrx_word' id='word_1_86' title='bbox 1227 1465 1275 1505; x_wconf 89' lang='lat' dir='ltr'>ne</span> <span class='ocrx_word' id='word_1_87' title='bbox 1304 1439 1377 1504; x_wconf 84' lang='lat' dir='ltr'>sibi</span> 
     </span>
     <span class='ocr_line' id='line_1_12' title="bbox 216 1549 1377 1638; baseline 0.002 -27"><span class='ocrx_word' id='word_1_88' title='bbox 216 1549 247 1612; x_wconf 91' lang='lat' dir='ltr'>in</span> <span class='ocrx_word' id='word_1_89' title='bbox 270 1551 372 1615; x_wconf 85' lang='lat' dir='ltr'>fronte</span> <span class='ocrx_word' id='word_1_90' title='bbox 395 1577 510 1617; x_wconf 91' lang='lat' dir='ltr'>nomen</span> <span class='ocrx_word' id='word_1_91' title='bbox 531 1553 738 1638; x_wconf 88' lang='lat' dir='ltr'>reproborum</span> <span class='ocrx_word' id='word_1_92' title='bbox 761 1553 995 1618; x_wconf 85' lang='lat' dir='ltr'>inscriberetur.</span> <span class='ocrx_word' id='word_1_93' title='bbox 1040 1551 1106 1617; x_wconf 91' lang='lat' dir='ltr'>Hic</span> <span class='ocrx_word' id='word_1_94' title='bbox 1126 1575 1214 1616; x_wconf 90' lang='lat' dir='ltr'>amor</span> <span class='ocrx_word' id='word_1_95' title='bbox 1230 1551 1377 1619; x_wconf 79' lang='lat' dir='ltr'>Christi</span> 
     </span>
     <span class='ocr_line' id='line_1_13' title="bbox 216 1663 1373 1749; baseline 0.001 -25"><span class='ocrx_word' id='word_1_96' title='bbox 216 1671 247 1725; x_wconf 90' lang='lat' dir='ltr'>et</span> <span class='ocrx_word' id='word_1_97' title='bbox 274 1685 411 1745; x_wconf 86' lang='lat' dir='ltr'>sponsae</span> <span class='ocrx_word' id='word_1_98' title='bbox 438 1667 520 1749; x_wconf 87' lang='lat' dir='ltr'>ejus,</span> <span class='ocrx_word' id='word_1_99' title='bbox 548 1664 675 1730; x_wconf 88' lang='lat' dir='ltr'>divinae</span> <span class='ocrx_word' id='word_1_100' title='bbox 702 1665 865 1730; x_wconf 89' lang='lat' dir='ltr'>doctrinae</span> <span class='ocrx_word' id='word_1_101' title='bbox 888 1666 1130 1730; x_wconf 88' lang='lat' dir='ltr'>conservatricis</span> <span class='ocrx_word' id='word_1_102' title='bbox 1152 1674 1239 1728; x_wconf 85' lang='lat' dir='ltr'>tanta</span> <span class='ocrx_word' id='word_1_103' title='bbox 1263 1663 1373 1728; x_wconf 80' lang='lat' dir='ltr'>torti-</span> 
     </span>
     <span class='ocr_line' id='line_1_14' title="bbox 215 1771 1373 1842; baseline 0.001 -6"><span class='ocrx_word' id='word_1_104' title='bbox 215 1771 325 1837; x_wconf 85' lang='lat' dir='ltr'>tudine</span> <span class='ocrx_word' id='word_1_105' title='bbox 358 1797 396 1838; x_wconf 90' lang='lat' dir='ltr'>ac</span> <span class='ocrx_word' id='word_1_106' title='bbox 428 1775 543 1838; x_wconf 88' lang='lat' dir='ltr'>virtute</span> <span class='ocrx_word' id='word_1_107' title='bbox 577 1777 721 1840; x_wconf 88' lang='lat' dir='ltr'>armabat</span> <span class='ocrx_word' id='word_1_108' title='bbox 753 1777 950 1840; x_wconf 66' lang='lat' dir='ltr'>confessores</span> <span class='ocrx_word' id='word_1_109' title='bbox 982 1775 1106 1842; x_wconf 91' lang='lat' dir='ltr'>Christi</span> <span class='ocrx_word' id='word_1_110' title='bbox 1137 1787 1168 1841; x_wconf 90' lang='lat' dir='ltr'>et</span> <span class='ocrx_word' id='word_1_111' title='bbox 1200 1777 1232 1839; x_wconf 92' lang='lat' dir='ltr'>in</span> <span class='ocrx_word' id='word_1_112' title='bbox 1268 1774 1373 1840; x_wconf 87' lang='lat' dir='ltr'>omni</span> 
     </span>
     <span class='ocr_line' id='line_1_15' title="bbox 217 1883 1369 1972; baseline 0.003 -26"><span class='ocrx_word' id='word_1_113' title='bbox 217 1883 299 1946; x_wconf 85' lang='lat' dir='ltr'>vitae</span> <span class='ocrx_word' id='word_1_114' title='bbox 327 1885 565 1949; x_wconf 86' lang='lat' dir='ltr'>circumstantia</span> <span class='ocrx_word' id='word_1_115' title='bbox 590 1908 644 1951; x_wconf 89' lang='lat' dir='ltr'>eos</span> <span class='ocrx_word' id='word_1_116' title='bbox 673 1887 884 1971; x_wconf 88' lang='lat' dir='ltr'>compellebat</span> <span class='ocrx_word' id='word_1_117' title='bbox 914 1886 956 1952; x_wconf 86' lang='lat' dir='ltr'>ad</span> <span class='ocrx_word' id='word_1_118' title='bbox 989 1909 1111 1952; x_wconf 85' lang='lat' dir='ltr'>errores</span> <span class='ocrx_word' id='word_1_119' title='bbox 1145 1886 1369 1972; x_wconf 84' lang='lat' dir='ltr'>detegendos,</span> 
     </span>
     <span class='ocr_line' id='line_1_16' title="bbox 217 1994 1368 2086; baseline 0.004 -28"><span class='ocrx_word' id='word_1_120' title='bbox 217 1994 382 2080; x_wconf 89' lang='lat' dir='ltr'>opiniones</span> <span class='ocrx_word' id='word_1_121' title='bbox 403 1997 501 2061; x_wconf 84' lang='lat' dir='ltr'>falsas</span> <span class='ocrx_word' id='word_1_122' title='bbox 524 1998 783 2083; x_wconf 78' lang='lat' dir='ltr'>supprimendas,</span> <span class='ocrx_word' id='word_1_123' title='bbox 806 1997 848 2064; x_wconf 93' lang='lat' dir='ltr'>ad</span> <span class='ocrx_word' id='word_1_124' title='bbox 870 1999 1086 2086; x_wconf 87' lang='lat' dir='ltr'>blasphemiae</span> <span class='ocrx_word' id='word_1_125' title='bbox 1109 1999 1368 2084; x_wconf 83' lang='lat' dir='ltr'>extinguendas,</span> 
     </span>
     <span class='ocr_line' id='line_1_17' title="bbox 217 2105 1366 2198; baseline 0.003 -28"><span class='ocrx_word' id='word_1_126' title='bbox 217 2105 259 2171; x_wconf 87' lang='lat' dir='ltr'>ad</span> <span class='ocrx_word' id='word_1_127' title='bbox 281 2107 459 2192; x_wconf 90' lang='lat' dir='ltr'>puniendos</span> <span class='ocrx_word' id='word_1_128' title='bbox 487 2133 542 2174; x_wconf 88' lang='lat' dir='ltr'>cos</span> <span class='ocrx_word' id='word_1_129' title='bbox 570 2111 682 2175; x_wconf 84' lang='lat' dir='ltr'>saltem</span> <span class='ocrx_word' id='word_1_130' title='bbox 710 2111 878 2176; x_wconf 86' lang='lat' dir='ltr'>verborum</span> <span class='ocrx_word' id='word_1_131' title='bbox 905 2112 996 2198; x_wconf 86' lang='lat' dir='ltr'>virga</span> <span class='ocrx_word' id='word_1_132' title='bbox 1028 2121 1061 2176; x_wconf 87' lang='lat' dir='ltr'>et</span> <span class='ocrx_word' id='word_1_133' title='bbox 1095 2111 1366 2177; x_wconf 85' lang='lat' dir='ltr'>excommunica-</span> 
     </span>
     <span class='ocr_line' id='line_1_18' title="bbox 217 2218 1364 2307; baseline 0.003 -25"><span class='ocrx_word' id='word_1_134' title='bbox 217 2218 313 2284; x_wconf 80' lang='lat' dir='ltr'>tionis</span> <span class='ocrx_word' id='word_1_135' title='bbox 347 2219 493 2304; x_wconf 85' lang='lat' dir='ltr'>fulmine,</span> <span class='ocrx_word' id='word_1_136' title='bbox 528 2223 583 2305; x_wconf 90' lang='lat' dir='ltr'>qui</span> <span class='ocrx_word' id='word_1_137' title='bbox 611 2223 793 2307; x_wconf 85' lang='lat' dir='ltr'>arrogantia</span> <span class='ocrx_word' id='word_1_138' title='bbox 819 2232 850 2286; x_wconf 91' lang='lat' dir='ltr'>et</span> <span class='ocrx_word' id='word_1_139' title='bbox 875 2222 957 2287; x_wconf 87' lang='lat' dir='ltr'>falsa</span> <span class='ocrx_word' id='word_1_140' title='bbox 982 2222 1096 2288; x_wconf 90' lang='lat' dir='ltr'>imbuti</span> <span class='ocrx_word' id='word_1_141' title='bbox 1122 2223 1297 2288; x_wconf 87' lang='lat' dir='ltr'>ambitione</span> <span class='ocrx_word' id='word_1_142' title='bbox 1329 2223 1364 2286; x_wconf 90' lang='lat' dir='ltr'>in</span> 
     </span>
     <span class='ocr_line' id='line_1_19' title="bbox 219 2332 1362 2419; baseline -0.003 -21"><span class='ocrx_word' id='word_1_143' title='bbox 219 2332 370 2418; x_wconf 87' lang='lat' dir='ltr'>mysteria</span> <span class='ocrx_word' id='word_1_144' title='bbox 396 2333 533 2418; x_wconf 85' lang='lat' dir='ltr'>irrepere</span> <span class='ocrx_word' id='word_1_145' title='bbox 560 2334 666 2400; x_wconf 86' lang='lat' dir='ltr'>conati</span> <span class='ocrx_word' id='word_1_146' title='bbox 696 2344 818 2416; x_wconf 85' lang='lat' dir='ltr'>essent,</span> <span class='ocrx_word' id='word_1_147' title='bbox 852 2357 988 2418; x_wconf 83' lang='lat' dir='ltr'>quorum</span> <span class='ocrx_word' id='word_1_148' title='bbox 1021 2334 1235 2419; x_wconf 82' lang='lat' dir='ltr'>cognitionem</span> <span class='ocrx_word' id='word_1_149' title='bbox 1262 2333 1362 2400; x_wconf 87' lang='lat' dir='ltr'>Deus</span> 
     </span>
     <span class='ocr_line' id='line_1_20' title="bbox 219 2443 1361 2533; baseline 0 -25"><span class='ocrx_word' id='word_1_150' title='bbox 219 2444 281 2510; x_wconf 89' lang='lat' dir='ltr'>sibi</span> <span class='ocrx_word' id='word_1_151' title='bbox 304 2443 365 2508; x_wconf 91' lang='lat' dir='ltr'>soli</span> <span class='ocrx_word' id='word_1_152' title='bbox 386 2454 595 2528; x_wconf 85' lang='lat' dir='ltr'>reservasset,</span> <span class='ocrx_word' id='word_1_153' title='bbox 621 2444 664 2510; x_wconf 90' lang='lat' dir='ltr'>ad</span> <span class='ocrx_word' id='word_1_154' title='bbox 691 2445 902 2533; x_wconf 86' lang='lat' dir='ltr'>detegendam</span> <span class='ocrx_word' id='word_1_155' title='bbox 929 2446 1138 2512; x_wconf 86' lang='lat' dir='ltr'>insanientem</span> <span class='ocrx_word' id='word_1_156' title='bbox 1165 2446 1361 2531; x_wconf 83' lang='lat' dir='ltr'>sapientiam</span> 
     </span>
     <span class='ocr_line' id='line_1_21' title="bbox 219 2557 1360 2662; baseline -0.005 -35"><span class='ocrx_word' id='word_1_157' title='bbox 219 2581 343 2642; x_wconf 85' lang='lat' dir='ltr'>eorum,</span> <span class='ocrx_word' id='word_1_158' title='bbox 371 2558 427 2642; x_wconf 90' lang='lat' dir='ltr'>qui</span> <span class='ocrx_word' id='word_1_159' title='bbox 453 2569 600 2662; x_wconf 59' lang='lat' dir='ltr'>evertere</span> <span class='ocrx_word' id='word_1_160' title='bbox 619 2568 810 2636; x_wconf 82' lang='lat' dir='ltr'>conarentur</span> <span class='ocrx_word' id='word_1_161' title='bbox 835 2567 1015 2643; x_wconf 86' lang='lat' dir='ltr'>temporum</span> <span class='ocrx_word' id='word_1_162' title='bbox 1042 2581 1215 2646; x_wconf 89' lang='lat' dir='ltr'>progressu</span> <span class='ocrx_word' id='word_1_163' title='bbox 1237 2557 1360 2624; x_wconf 87' lang='lat' dir='ltr'>sancti-</span> 
     </span>
     <span class='ocr_line' id='line_1_22' title="bbox 218 2670 1360 2760; baseline -0.003 -26"><span class='ocrx_word' id='word_1_164' title='bbox 218 2673 328 2736; x_wconf 85' lang='lat' dir='ltr'>ficatas</span> <span class='ocrx_word' id='word_1_165' title='bbox 363 2671 578 2738; x_wconf 89' lang='lat' dir='ltr'>institutiones</span> <span class='ocrx_word' id='word_1_166' title='bbox 611 2695 650 2738; x_wconf 90' lang='lat' dir='ltr'>ac</span> <span class='ocrx_word' id='word_1_167' title='bbox 683 2673 785 2760; x_wconf 88' lang='lat' dir='ltr'>leges,</span> <span class='ocrx_word' id='word_1_168' title='bbox 819 2673 911 2740; x_wconf 87' lang='lat' dir='ltr'>etin</span> <span class='ocrx_word' id='word_1_169' title='bbox 941 2697 1050 2744; x_wconf 87' lang='lat' dir='ltr'>eorum</span> <span class='ocrx_word' id='word_1_170' title='bbox 1077 2672 1184 2738; x_wconf 89' lang='lat' dir='ltr'>locum</span> <span class='ocrx_word' id='word_1_171' title='bbox 1210 2670 1360 2756; x_wconf 88' lang='lat' dir='ltr'>proprias</span> 
     </span>
     <span class='ocr_line' id='line_1_23' title="bbox 218 2783 1362 2871; baseline -0.002 -25"><span class='ocrx_word' id='word_1_172' title='bbox 218 2783 431 2865; x_wconf 88' lang='lat' dir='ltr'>introducere,</span> <span class='ocrx_word' id='word_1_173' title='bbox 467 2784 548 2848; x_wconf 89' lang='lat' dir='ltr'>male</span> <span class='ocrx_word' id='word_1_174' title='bbox 581 2785 772 2867; x_wconf 90' lang='lat' dir='ltr'>intellectas,</span> <span class='ocrx_word' id='word_1_175' title='bbox 810 2784 898 2868; x_wconf 91' lang='lat' dir='ltr'>quod</span> <span class='ocrx_word' id='word_1_176' title='bbox 931 2783 1119 2871; x_wconf 88' lang='lat' dir='ltr'>saepissime</span> <span class='ocrx_word' id='word_1_177' title='bbox 1151 2783 1297 2846; x_wconf 89' lang='lat' dir='ltr'>consulto</span> <span class='ocrx_word' id='word_1_178' title='bbox 1326 2789 1362 2844; x_wconf 92' lang='lat' dir='ltr'>et</span> 
     </span>
     <span class='ocr_line' id='line_1_24' title="bbox 219 2891 1359 2979; baseline -0.004 -22"><span class='ocrx_word' id='word_1_179' title='bbox 219 2893 393 2977; x_wconf 89' lang='lat' dir='ltr'>cogitatum</span> <span class='ocrx_word' id='word_1_180' title='bbox 415 2894 526 2974; x_wconf 87' lang='lat' dir='ltr'>fiebat,</span> <span class='ocrx_word' id='word_1_181' title='bbox 554 2895 728 2978; x_wconf 86' lang='lat' dir='ltr'>scripturas</span> <span class='ocrx_word' id='word_1_182' title='bbox 752 2917 810 2979; x_wconf 89' lang='lat' dir='ltr'>pro</span> <span class='ocrx_word' id='word_1_183' title='bbox 832 2893 1038 2959; x_wconf 89' lang='lat' dir='ltr'>fundamento</span> <span class='ocrx_word' id='word_1_184' title='bbox 1061 2900 1225 2976; x_wconf 85' lang='lat' dir='ltr'>ponentes.</span> <span class='ocrx_word' id='word_1_185' title='bbox 1270 2891 1359 2954; x_wconf 90' lang='lat' dir='ltr'>Tali·</span> 
     </span>
     <span class='ocr_line' id='line_1_25' title="bbox 219 2998 1356 3089; baseline -0.007 -21"><span class='ocrx_word' id='word_1_186' title='bbox 219 3005 278 3068; x_wconf 91' lang='lat' dir='ltr'>bus</span> <span class='ocrx_word' id='word_1_187' title='bbox 301 3005 593 3089; x_wconf 85' lang='lat' dir='ltr'>propugnatoribus</span> <span class='ocrx_word' id='word_1_188' title='bbox 621 3005 734 3070; x_wconf 90' lang='lat' dir='ltr'>merito</span> <span class='ocrx_word' id='word_1_189' title='bbox 761 3002 987 3068; x_wconf 83' lang='lat' dir='ltr'>adnumeratur</span> <span class='ocrx_word' id='word_1_190' title='bbox 1009 3009 1117 3068; x_wconf 85' lang='lat' dir='ltr'>noster</span> <span class='ocrx_word' id='word_1_191' title='bbox 1139 3021 1268 3082; x_wconf 91' lang='lat' dir='ltr'>quoque</span> <span class='ocrx_word' id='word_1_192' title='bbox 1289 2998 1356 3061; x_wconf 90' lang='lat' dir='ltr'>Ve-</span> 
     </span>
     <span class='ocr_line' id='line_1_26' title="bbox 219 3110 1357 3199; baseline -0.005 -19"><span class='ocrx_word' id='word_1_193' title='bbox 219 3115 362 3180; x_wconf 89' lang='lat' dir='ltr'>ronensis</span> <span class='ocrx_word' id='word_1_194' title='bbox 389 3117 535 3199; x_wconf 85' lang='lat' dir='ltr'>antistes,</span> <span class='ocrx_word' id='word_1_195' title='bbox 567 3116 623 3198; x_wconf 91' lang='lat' dir='ltr'>qui</span> <span class='ocrx_word' id='word_1_196' title='bbox 650 3115 773 3180; x_wconf 85' lang='lat' dir='ltr'>sincera</span> <span class='ocrx_word' id='word_1_197' title='bbox 800 3112 930 3178; x_wconf 89' lang='lat' dir='ltr'>caritate</span> <span class='ocrx_word' id='word_1_198' title='bbox 954 3112 1119 3178; x_wconf 84' lang='lat' dir='ltr'>Christum</span> <span class='ocrx_word' id='word_1_199' title='bbox 1138 3110 1357 3196; x_wconf 85' lang='lat' dir='ltr'>complectens</span> 
     </span>
     <span class='ocr_line' id='line_1_27' title="bbox 220 3219 1357 3304; baseline -0.006 -11"><span class='ocrx_word' id='word_1_200' title='bbox 220 3251 344 3293; x_wconf 91' lang='lat' dir='ltr'>summa</span> <span class='ocrx_word' id='word_1_201' title='bbox 366 3247 437 3291; x_wconf 86' lang='lat' dir='ltr'>curu</span> <span class='ocrx_word' id='word_1_202' title='bbox 461 3228 627 3292; x_wconf 87' lang='lat' dir='ltr'>severitate</span> <span class='ocrx_word' id='word_1_203' title='bbox 650 3249 704 3291; x_wconf 88' lang='lat' dir='ltr'>ecs</span> <span class='ocrx_word' id='word_1_204' title='bbox 727 3222 942 3304; x_wconf 89' lang='lat' dir='ltr'>adoriebatur,</span> <span class='ocrx_word' id='word_1_205' title='bbox 965 3222 1021 3304; x_wconf 91' lang='lat' dir='ltr'>qui</span> <span class='ocrx_word' id='word_1_206' title='bbox 1043 3219 1221 3286; x_wconf 89' lang='lat' dir='ltr'>doctrinam</span> <span class='ocrx_word' id='word_1_207' title='bbox 1244 3224 1357 3288; x_wconf 88' lang='lat' dir='ltr'>falsam</span> 
     </span>
     <span class='ocr_line' id='line_1_28' title="bbox 221 3335 1356 3423; baseline -0.006 -20"><span class='ocrx_word' id='word_1_208' title='bbox 221 3340 419 3423; x_wconf 89' lang='lat' dir='ltr'>prolitentes,</span> <span class='ocrx_word' id='word_1_209' title='bbox 456 3363 596 3402; x_wconf 87' lang='lat' dir='ltr'>amorem</span> <span class='ocrx_word' id='word_1_210' title='bbox 620 3336 741 3405; x_wconf 88' lang='lat' dir='ltr'>Christi</span> <span class='ocrx_word' id='word_1_211' title='bbox 764 3337 956 3421; x_wconf 89' lang='lat' dir='ltr'>rejecerunt,</span> <span class='ocrx_word' id='word_1_212' title='bbox 994 3343 1079 3398; x_wconf 89' lang='lat' dir='ltr'>certe</span> <span class='ocrx_word' id='word_1_213' title='bbox 1102 3335 1222 3418; x_wconf 88' lang='lat' dir='ltr'>sciens,</span> <span class='ocrx_word' id='word_1_214' title='bbox 1263 3335 1356 3416; x_wconf 85' lang='lat' dir='ltr'>„hae-</span> 
     </span>
     <span class='ocr_line' id='line_1_29' title="bbox 220 3445 1357 3530; baseline -0.006 -15"><span class='ocrx_word' id='word_1_215' title='bbox 220 3476 305 3517; x_wconf 88' lang='lat' dir='ltr'>reses</span> <span class='ocrx_word' id='word_1_216' title='bbox 329 3462 360 3517; x_wconf 92' lang='lat' dir='ltr'>et</span> <span class='ocrx_word' id='word_1_217' title='bbox 382 3451 555 3518; x_wconf 89' lang='lat' dir='ltr'>schismata</span> <span class='ocrx_word' id='word_1_218' title='bbox 576 3449 624 3514; x_wconf 91' lang='lat' dir='ltr'>sic</span> <span class='ocrx_word' id='word_1_219' title='bbox 646 3445 861 3528; x_wconf 88' lang='lat' dir='ltr'>disseminari,</span> <span class='ocrx_word' id='word_1_220' title='bbox 885 3467 957 3509; x_wconf 90' lang='lat' dir='ltr'>curn</span> <span class='ocrx_word' id='word_1_221' title='bbox 981 3445 1090 3511; x_wconf 87' lang='lat' dir='ltr'>inflata</span> <span class='ocrx_word' id='word_1_222' title='bbox 1111 3445 1192 3512; x_wconf 91' lang='lat' dir='ltr'>fides</span> <span class='ocrx_word' id='word_1_223' title='bbox 1215 3471 1253 3510; x_wconf 92' lang='lat' dir='ltr'>ac</span> <span class='ocrx_word' id='word_1_224' title='bbox 1273 3467 1357 3530; x_wconf 88' lang='lat' dir='ltr'>spes,</span> 
     </span>
     <span class='ocr_line' id='line_1_30' title="bbox 220 3557 1357 3644; baseline -0.006 -16"><span class='ocrx_word' id='word_1_225' title='bbox 220 3563 399 3630; x_wconf 86' lang='lat' dir='ltr'>dilectionis</span> <span class='ocrx_word' id='word_1_226' title='bbox 433 3589 452 3628; x_wconf 89' lang='lat' dir='ltr'>a</span> <span class='ocrx_word' id='word_1_227' title='bbox 482 3562 687 3628; x_wconf 89' lang='lat' dir='ltr'>fundamento</span> <span class='ocrx_word' id='word_1_228' title='bbox 721 3558 899 3623; x_wconf 85' lang='lat' dir='ltr'>velluntur“</span> <span class='ocrx_word' id='word_1_229' title='bbox 935 3559 1023 3644; x_wconf 87' lang='lat' dir='ltr'>(Lib.</span> <span class='ocrx_word' id='word_1_230' title='bbox 1046 3559 1073 3622; x_wconf 93' lang='lat' dir='ltr'>I.</span> <span class='ocrx_word' id='word_1_231' title='bbox 1096 3558 1202 3623; x_wconf 86' lang='lat' dir='ltr'>Tract.</span> <span class='ocrx_word' id='word_1_232' title='bbox 1224 3557 1250 3619; x_wconf 91' lang='grc' dir='ltr'>Ι.</span> <span class='ocrx_word' id='word_1_233' title='bbox 1274 3579 1304 3620; x_wconf 89' lang='lat' dir='ltr'>n.</span> <span class='ocrx_word' id='word_1_234' title='bbox 1328 3559 1357 3621; x_wconf 81' lang='lat'>6.</span> 
     </span>
     <span class='ocr_line' id='line_1_31' title="bbox 222 3673 1357 3761; baseline -0.006 -22"><span class='ocrx_word' id='word_1_235' title='bbox 222 3700 293 3761; x_wconf 88' lang='lat' dir='ltr'>pag.</span> <span class='ocrx_word' id='word_1_236' title='bbox 309 3679 382 3760; x_wconf 75' lang='lat'>21),</span> <span class='ocrx_word' id='word_1_237' title='bbox 405 3715 445 3724; x_wconf 86' lang='lat'>-</span> <span class='ocrx_word' id='word_1_238' title='bbox 470 3685 503 3742; x_wconf 90' lang='lat' dir='ltr'>et</span> <span class='ocrx_word' id='word_1_239' title='bbox 522 3675 555 3740; x_wconf 90' lang='lat' dir='ltr'>in</span> <span class='ocrx_word' id='word_1_240' title='bbox 577 3673 638 3736; x_wconf 91' lang='lat' dir='ltr'>hac</span> <span class='ocrx_word' id='word_1_241' title='bbox 661 3693 784 3758; x_wconf 87' lang='lat' dir='ltr'>pugna,</span> <span class='ocrx_word' id='word_1_242' title='bbox 809 3693 890 3756; x_wconf 89' lang='lat' dir='ltr'>quae</span> <span class='ocrx_word' id='word_1_243' title='bbox 912 3695 969 3758; x_wconf 88' lang='lat' dir='ltr'>per</span> <span class='ocrx_word' id='word_1_244' title='bbox 991 3681 1094 3738; x_wconf 86' lang='lat' dir='ltr'>totum</span> <span class='ocrx_word' id='word_1_245' title='bbox 1117 3676 1265 3753; x_wconf 87' lang='lat' dir='ltr'>quartum</span> <span class='ocrx_word' id='word_1_246' title='bbox 1288 3691 1357 3733; x_wconf 90' lang='lat' dir='ltr'>sae-</span> 
     </span>
     <span class='ocr_line' id='line_1_32' title="bbox 221 3780 1358 3869; baseline -0.008 -17"><span class='ocrx_word' id='word_1_247' title='bbox 221 3789 328 3852; x_wconf 91' lang='lat' dir='ltr'>culum</span> <span class='ocrx_word' id='word_1_248' title='bbox 351 3787 519 3852; x_wconf 90' lang='lat' dir='ltr'>ecclesiam</span> <span class='ocrx_word' id='word_1_249' title='bbox 543 3784 755 3866; x_wconf 89' lang='lat' dir='ltr'>sollicitabat,</span> <span class='ocrx_word' id='word_1_250' title='bbox 785 3783 1000 3869; x_wconf 86' lang='lat' dir='ltr'>perseveravit</span> <span class='ocrx_word' id='word_1_251' title='bbox 1026 3781 1116 3845; x_wconf 87' lang='lat' dir='ltr'>fortis</span> <span class='ocrx_word' id='word_1_252' title='bbox 1144 3780 1358 3866; x_wconf 80' lang='lat' dir='ltr'>pugilesque</span> 
     </span>
     <span class='ocr_line' id='line_1_33' title="bbox 221 3891 1359 3982; baseline -0.01 -18"><span class='ocrx_word' id='word_1_253' title='bbox 221 3899 263 3964; x_wconf 89' lang='lat' dir='ltr'>ad</span> <span class='ocrx_word' id='word_1_254' title='bbox 289 3901 398 3981; x_wconf 88' lang='lat' dir='ltr'>finem,</span> <span class='ocrx_word' id='word_1_255' title='bbox 433 3907 464 3963; x_wconf 88' lang='lat' dir='ltr'>et</span> <span class='ocrx_word' id='word_1_256' title='bbox 490 3919 683 3982; x_wconf 89' lang='lat' dir='ltr'>quamquam</span> <span class='ocrx_word' id='word_1_257' title='bbox 711 3897 744 3960; x_wconf 91' lang='lat' dir='ltr'>in</span> <span class='ocrx_word' id='word_1_258' title='bbox 774 3895 840 3976; x_wconf 86' lang='lat' dir='ltr'>acri</span> <span class='ocrx_word' id='word_1_259' title='bbox 874 3893 1044 3960; x_wconf 89' lang='lat' dir='ltr'>certamine</span> <span class='ocrx_word' id='word_1_260' title='bbox 1078 3891 1221 3977; x_wconf 87' lang='lat' dir='ltr'>martyrii</span> <span class='ocrx_word' id='word_1_261' title='bbox 1254 3892 1359 3977; x_wconf 88' lang='lat' dir='ltr'>palma</span> 
     </span>
     <span class='ocr_line' id='line_1_34' title="bbox 221 4003 1357 4092; baseline -0.01 -15"><span class='ocrx_word' id='word_1_262' title='bbox 221 4037 284 4077; x_wconf 89' lang='lat' dir='ltr'>non</span> <span class='ocrx_word' id='word_1_263' title='bbox 312 4020 361 4076; x_wconf 90' lang='lat' dir='ltr'>est</span> <span class='ocrx_word' id='word_1_264' title='bbox 387 4020 572 4092; x_wconf 86' lang='lat' dir='ltr'>coronatus,</span> <span class='ocrx_word' id='word_1_265' title='bbox 598 4009 785 4074; x_wconf 87' lang='lat' dir='ltr'>attributum</span> <span class='ocrx_word' id='word_1_266' title='bbox 813 4008 842 4072; x_wconf 90' lang='lat' dir='ltr'>ei</span> <span class='ocrx_word' id='word_1_267' title='bbox 868 4004 1028 4071; x_wconf 91' lang='lat' dir='ltr'>interdum</span> <span class='ocrx_word' id='word_1_268' title='bbox 1056 4027 1075 4067; x_wconf 90' lang='lat' dir='ltr'>a</span> <span class='ocrx_word' id='word_1_269' title='bbox 1097 4003 1257 4070; x_wconf 88' lang='lat' dir='ltr'>veteribus</span> <span class='ocrx_word' id='word_1_270' title='bbox 1280 4003 1357 4068; x_wconf 90' lang='lat' dir='ltr'>scri·</span> 
     </span>
     <span class='ocr_line' id='line_1_35' title="bbox 222 4115 1357 4210; baseline -0.01 -23"><span class='ocrx_word' id='word_1_271' title='bbox 222 4122 366 4210; x_wconf 89' lang='lat' dir='ltr'>ptoribus</span> <span class='ocrx_word' id='word_1_272' title='bbox 389 4122 538 4209; x_wconf 83' lang='lat' dir='ltr'>martyris</span> <span class='ocrx_word' id='word_1_273' title='bbox 560 4121 688 4187; x_wconf 90' lang='lat' dir='ltr'>titulum</span> <span class='ocrx_word' id='word_1_274' title='bbox 716 4119 933 4186; x_wconf 88' lang='lat' dir='ltr'>demonstrare</span> <span class='ocrx_word' id='word_1_275' title='bbox 959 4115 1101 4198; x_wconf 88' lang='lat' dir='ltr'>videtur,</span> <span class='ocrx_word' id='word_1_276' title='bbox 1128 4139 1269 4201; x_wconf 88' lang='lat' dir='ltr'>pugnam</span> <span class='ocrx_word' id='word_1_277' title='bbox 1292 4117 1357 4199; x_wconf 90' lang='lat' dir='ltr'>ejus</span> 
     </span>
     <span class='ocr_line' id='line_1_36' title="bbox 222 4223 1358 4321; baseline -0.013 -21"><span class='ocrx_word' id='word_1_278' title='bbox 222 4233 374 4300; x_wconf 82' lang='lat' dir='ltr'>adversus</span> <span class='ocrx_word' id='word_1_279' title='bbox 408 4257 545 4302; x_wconf 89' lang='lat' dir='ltr'>errorem</span> <span class='ocrx_word' id='word_1_280' title='bbox 577 4235 716 4321; x_wconf 84' lang='lat' dir='ltr'>graviter</span> <span class='ocrx_word' id='word_1_281' title='bbox 746 4231 941 4318; x_wconf 87' lang='lat' dir='ltr'>persolutam</span> <span class='ocrx_word' id='word_1_282' title='bbox 964 4229 1088 4311; x_wconf 69' lang='lat' dir='ltr'>dhisse,</span> <span class='ocrx_word' id='word_1_283' title='bbox 1123 4237 1155 4293; x_wconf 87' lang='lat' dir='ltr'>et</span> <span class='ocrx_word' id='word_1_284' title='bbox 1181 4229 1214 4291; x_wconf 91' lang='lat' dir='ltr'>in</span> <span class='ocrx_word' id='word_1_285' title='bbox 1237 4223 1358 4290; x_wconf 66' lang='lat' dir='ltr'>&#39;amaris</span> 
     </span>
     <span class='ocr_line' id='line_1_37' title="bbox 222 4335 1359 4433; baseline -0.013 -21"><span class='ocrx_word' id='word_1_286' title='bbox 222 4347 511 4433; x_wconf 86' lang='lat' dir='ltr'>persecutionibus,</span> <span class='ocrx_word' id='word_1_287' title='bbox 546 4346 664 4432; x_wconf 83' lang='lat' dir='ltr'>quibus</span> <span class='ocrx_word' id='word_1_288' title='bbox 696 4354 747 4408; x_wconf 88' lang='lat' dir='ltr'>tot</span> <span class='ocrx_word' id='word_1_289' title='bbox 778 4341 934 4429; x_wconf 84' lang='lat' dir='ltr'>praeclari</span> <span class='ocrx_word' id='word_1_290' title='bbox 968 4340 1121 4408; x_wconf 85' lang='lat' dir='ltr'>ecclesiae</span> <span class='ocrx_word' id='word_1_291' title='bbox 1154 4339 1213 4402; x_wconf 88' lang='lat' dir='ltr'>viri</span> <span class='ocrx_word' id='word_1_292' title='bbox 1238 4335 1359 4422; x_wconf 83' lang='lat' dir='ltr'>plecte·-</span> 
     </span>
    </p>
   </div>
   <div class='ocr_carea' id='block_1_3' title="bbox 1485 2577 1487 2900">
    <p class='ocr_par' dir='ltr' id='par_1_3' title="bbox 1485 2577 1487 2900">
     <span class='ocr_line' id='line_1_38' title="bbox 1485 2577 1487 2726; baseline 0 0"><span class='ocrx_word' id='word_1_293' title='bbox 1485 2577 1487 2726; x_wconf 80' lang='lat' dir='ltr'>l</span> 
     </span>
     <span class='ocr_line' id='line_1_39' title="bbox 1485 2775 1487 2900; baseline 0 0"><span class='ocrx_word' id='word_1_294' title='bbox 1485 2775 1487 2900; x_wconf 81' lang='lat' dir='ltr'>l</span> 
     </span>
    </p>
   </div>
   <div class='ocr_carea' id='block_1_4' title="bbox 0 0 1520 4936">
    <p class='ocr_par' dir='ltr' id='par_1_4' title="bbox 0 0 1520 4936">
     <span class='ocr_line' id='line_1_40' title="bbox 0 0 1520 4936; baseline 0 0"><span class='ocrx_word' id='word_1_295' title='bbox 0 0 1520 4936; x_wconf 95' lang='lat' dir='ltr'> </span> 
     </span>
    </p>
   </div>
  </div>
 </body>
</html>
