3012 4936
593 238 815 336 'u

24 425 27 432 ·
150 399 259 494 operis
296 407 430 472 classici
465 405 525 488 „de
548 404 720 472 Servorum
743 406 808 472 Dei
835 407 1069 488 beatificatione
1097 431 1165 497 cap.
1189 411 1301 477 XVII.

151 522 181 604 ξ.
198 522 229 584 9.
253 517 333 586 edit.
349 521 381 586 2.
405 519 530 584 Patavii
553 521 645 584 1743.
668 519 738 584 fol:
784 520 877 602 „Nec
900 545 975 586 vero
998 531 1127 608 urgent,
1151 521 1230 588 dicit
1251 524 1303 588 hic

150 631 203 698 vir
226 629 366 713 doctus,
400 629 593 716 apostolicae
620 628 744 696 litterae
768 629 920 722 Gregorii
942 632 1041 698 XIII.
1070 634 1311 720 martyrologio¹

152 742 335 826 praefixae,
369 744 403 808 in
433 741 552 826 quibus
586 741 717 827 dicitur,
756 742 959 810 emendatum
992 746 1092 810 luisse
1111 744 1303 810 -Romanum

154 853 545 948 Martyrolcgiumidque
568 876 639 920 esse
661 853 834 942 legendum
849 857 889 944 in
911 856 1024 937 choro,
1047 878 1107 920 nec
1121 855 1216 920 aliud
1238 857 1304 922 ulla
1369 893 1376 904 ι

155 965 190 1030 in
212 989 247 1030 re
270 966 440 1049 minutum,
463 975 593 1032 auctum
614 966 666 1038 vel
689 976 845 1032 mutatum
868 989 938 1032 esse
961 965 1130 1033 edendum.
1167 968 1220 1032 Ex
1241 967 1306 1040 hoc,

154 1079 251 1144 etiam
277 1087 366 1144 recte
392 1101 456 1144 non
483 1078 629 1162 infertur,
662 1099 772 1144 omnes
796 1087 832 1144 et·
849 1079 995 1166 singulos
1017 1101 1139 1146 errores
1161 1079 1261 1146 fuisse
1283 1103 1303 1144 a

151 1191 388 1279 martyrologio
416 1190 575 1273 sublatae,
603 1213 663 1266 nec
689 1190 766 1256 viris
794 1191 828 1254 in
850 1190 1067 1256 ecclesiastica
1089 1191 1222 1256 historia
1243 1214 1299 1276 pe-

151 1298 224 1368 ritis
246 1302 446 1386 perhibitum
470 1301 535 1368 dici
557 1312 664 1386 potest
685 1303 857 1388 confugere
879 1301 922 1367 ad
944 1325 969 1368 s.
993 1294 1126 1388 Sedem,
1150 1305 1178 1368 si
1200 1326 1317 1370 novae·

153 1402 366 1480 correctionis
398 1413 605 1479 fundamenta
637 1423 823 1499 suppetant:
857 1414 947 1508 qu'od
976 1438 1016 1480 ex
1043 1415 1113 1500 ipsa
1139 1416 1301 1503 colligitur

154 1535 286 1592 sanotae
313 1513 403 1594 sedis
428 1513 612 1611 disciplina,
640 1547 721 1610 quae
748 1527 844 1592 etiam
866 1520 944 1616 po'st
956 1526 1084 1596 -litteras
1106 1528 1299 1612 apostolicas

152 1661 252 1723 supra
268 1649 461 1704 memoratas
478 1637 629 1724 Gregorii
640 1637 739 1702 ΧΠΙ.
762 1635 862 1704 novas
885 1638 1107 1725 martyrologii
1128 1641 1297 1710 correctio-

148 1773 207 1818 nes
239 1749 447 1816 demandavit
479 1761 511 1815 et
541 1747 702 1814 admisit.“
746 1732 840 1815 Haec
873 1773 892 1814 a
919 1747 1112 1848 'doctissimo
1139 1751 1296 1818 Pontifioe

148 1863 357 1954 pronuntiata
383 1861 541 1928 sententia
571 1859 648 1926 satis
683 1859 895 1944 demonstrat,
926 1863 1021 1926 etiam
1053 1884 1124 1944 eos,
1156 1864 1212 1947 qui
1233 1887 1298 1934 non

150 1973 258 2040 solum
283 1974 385 2056 „inter
407 1971 594 2042 Catholicos
617 1974 838 2064 connumerari
868 1973 1002 2056 velint,“
1038 1972 1097 2038 sed
1127 1974 1192 2040 imo
1223 1999 1296 2040 vere

151 2080 317 2152 Catholici
339 2094 424 2168 sunt,
447 2083 684 2160 emendationes
704 2107 882 2168 proponere
896 2108 1003 2169 posse,
1025 2109 1129 2170 neque
1144 2087 1178 2149 in
1193 2078 1295 2152 o'mni-

150 2195 212 2262 bus
245 2196 315 2261 sine
347 2197 414 2260 ulla
445 2195 670 2281 disquisitione
700 2197 868 2282 prebenda
894 2221 964 2263 esse
987 2182 1207 2286 martyrologii
1229 2199 1295 2265 Ro-

148 2308 235 2372 mani
258 2308 365 2375 verba.
411 2301 519 2390 Quare
542 2317 575 2373 et
597 2331 655 2374 nos
677 2308 808 2374 minime
831 2308 1014 2392 dubitamus
1029 2311 1090 2376 hoc
1105 2310 1177 2376 loco
1193 2311 1294 2394 fateri,

148 2421 288 2485 maxime
311 2419 441 2485 aliunde
461 2420 726 2507 martyrologium
749 2444 914 2488 romanum
930 2423 1157 2504 aestimantes}
1170 2425 1237 2508 ejus
1254 2422 1294 2494 de

154 2529 285 2596 Zenone
308 2533 495 2610 sententiam
517 2531 761 2616 improbandam
780 2555 854 2600 'esse
882 2535 951 2600 sine
982 2534 1059 2598 ulla·
1075 2513 1294 2619 haesitatione·²

151 2641 276 2726 quippe
295 2659 377 2727 quae
399 2666 526 2708 omnem
548 2635 714 2734 veritatem
735 2645 920 2718 historicam
944 2645 1059 2711 abolet.
1124 2705 1128 2714 .

626 2890 631 2900 .
687 2852 714 2936 §.
732 2851 771 2916 4(

144 2933 475 3028 Heraclammone·
485 2967 652 3042 scriptores,
671 2968 805 3042 quiante
820 2969 933 3028 nulum
950 2969 1098 3026 saeculam
1110 2967 1290 3044 floruerant,

396 3061 449 3134 qui
466 3062 612 3120 Zenonem
621 3062 794 3146 Martyron
812 3061 871 3121 cese
889 3063 1038 3120 dicerunt.
1090 3127 1095 3136 ,
1193 3077 1198 3088 ·

252 3200 341 3283 Quot
371 3215 518 3268 auctores
546 3202 697 3290 Gregorii
719 3205 768 3270 M.
802 3214 834 3270 et
859 3203 1165 3290 Martyrologiorum
1198 3208 1288 3273 testi·

144 3311 259 3395 moniaj
276 3311 318 3378 ad
332 3313 492 3380 Zenonem
508 3314 689 3402 Martyrem
711 3313 959 3400 praedicandum
982 3316 1175 3402 impulerint,
1200 3328 1287 3383 ante·

145 3445 243 3507 quam
272 3447 434 3492 sermones
462 3430 530 3512 ejus
555 3428 635 3516 juris
668 3427 789 3513 publici
823 3436 897 3494 sunt
926 3428 1016 3512 facti,
1041 3429 1146 3516 ¹longa
1179 3452 1287 3494 eorum

145 3536 245 3602 series
267 3535 479 3621 demonstrat,
503 3561 599 3624 quam
622 3536 809 3622 producturi
832 3562 956 3621 sumus3
978 3539 1047 3620 non
1061 3550 1121 3605 est
1135 3563 1211 3626 ergo
1227 3541 1287 3606 mit

144 3645 297 3730 randum,
321 3650 493 3734 scriptores
515 3649 612 3716 XVI.
636 3660 668 3715 et
689 3649 804 3718 XVII.
827 3652 945 3718 saeculi
968 3651 1047 3716 nihil
1070 3652 1157 3716 certi.
1170 3650 1211 3717 de
1225 3652 1287 3720 Ze-

144 3779 229 3822 none
250 3760 435 3844 protulisse,
462 3763 496 3827 in
518 3763 657 3827 maxima
678 3763 902 3833 incertitudine
929 3757 1102 3852 suspensos
1124 3762 1223 3828 fuisse
1246 3763 1286 3829 de

142 3869 207 3935 hoc
221 3870 373 3960 antistite,
396 3882 428 3938 et
450 3877 601 3961 majorem
624 3897 734 3939 eorum
756 3887 879 3962 partem
901 3898 959 3960 pro
983 3882 1069 3939 certo
1091 3875 1197 3960 putari
1218 3899 1285 3940 ma·

143 3980 258 4065 luisse,
290 4005 452 4052 sermones
484 3985 544 4052 sub
575 3986 705 4050 nomino
737 3991 806 4072 ejus
829 3985 932 4050 editos
956 3986 1177 4071 supposititios
1204 4011 1284 4073 esse,

142 4116 240 4178 quam
263 4117 318 4160 eos
341 4096 513 4162 attribuere
535 4097 619 4179 viro,
642 4116 738 4179 quem
758 4087 809 4160 ¹tol
831 4095 1003 4180 scriptores
1016 4095 1218 4168 ,ad-tertium
1233 4125 1283 4168 re·

140 4205 286 4272 ferebant
309 4207 481 4274 saeculum.

200 4293 203 4300 ,
244 4318 285 4383 In
310 4318 439 4406 hymnis
465 4304 693 4418 praedicabant
719 4293 913 4406 Martyrium
936 4320 1075 4390 Zenonis
1105 4307 1284 4391 Vincentius

1027 4433 1044 4494 5
1060 4429 1075 4461 *
