3012 4936
706 271 742 334 tt

157 419 242 500 1693
264 433 413 516 Parisiis)
445 430 495 496 ed.
517 430 589 496 Jac.
617 426 777 516 Capellati
803 429 837 493 in
863 425 1079 493 admonitione
1105 427 1146 492 ab
1172 427 1293 494 editore

156 542 350 612 Constantio
376 544 409 608 in
432 542 578 608 Psalmos
601 541 692 607 Tom.
713 541 741 606 Ι.
764 563 838 630 pag.
863 543 925 608 113
956 541 1131 626 praemissa
1162 538 1202 605 de
1232 540 1292 605 Ze-

156 680 239 721 none
261 657 380 722 mentio
402 655 516 722 incidit
537 679 577 720 ex
599 679 633 720 re
655 655 781 720 illorum
803 663 1009 736 tractatuum,
1039 654 1095 735 qui
1116 653 1157 717 ab
1179 651 1293 718 Edito-

157 767 247 832 ribus
270 767 509 834 Veronensibus
531 767 655 848 Zenoni
677 767 756 834 false
778 765 891 833 tributi
913 775 996 832 sunt.
1041 765 1079 828 In
1101 765 1161 829 hae
1187 773 1293 829 autern

157 877 372 946 admonitione
404 871 637 947 ¹verisimillum
682 903 753 946 esse
794 883 886 967 putat
927 875 1151 959 Constantius,
1198 875 1293 940 etiarn

158 1013 334 1058 sermonem
358 991 419 1075 „de
438 992 582 1080 judicio“
598 991 679 1078 ¹(qui
701 1002 751 1058 est
772 993 929 1080 genuinus
953 990 1180 1076 Zenonianus),
1203 987 1293 1052 attri-

157 1083 317 1169 buendum
332 1127 403 1171 esse
419 1105 558 1172 Hilario:
583 1104 703 1191 „Apud
717 1105 852 1172 eundem
867 1103 1039 1187 Zenonem,
1058 1102 1173 1187 inquit,
1189 1123 1293 1168 sermo

155 1212 195 1279 de
214 1215 353 1302 judicio,
381 1217 499 1300 quide
521 1218 576 1285 Ps.
600 1216 639 1284 C.
662 1217 859 1298 inscribitur,
887 1216 932 1280 ita
957 1223 1043 1281 totus
1069 1224 1119 1280 est
1133 1213 1182 1279 ‘ad
1205 1237 1292 1279 men-

154 1337 221 1391 tem
249 1327 368 1391 Hilarii
395 1328 607 1414 compositus,
639 1337 675 1393 ut
704 1328 790 1393 huno
819 1327 867 1392 illi
897 1349 972 1391 cum
1003 1326 1074 1390 aliis
1108 1325 1294 1411 subreptum

158 1437 388 1522 suspioemru.“
434 1437 500 1506 Sed
521 1439 597 1506 huic
619 1439 794 1526 suspitioni
824 1438 915 1505 deest
947 1438 1050 1503 omnis
1082 1436 1293 1503 confirmatio:

157 1572 352 1634 quamquam
376 1549 459 1616 enim
482 1551 515 1616 in
538 1573 683 1618 sermone
698 1552 875 1618 hoc‘multa
890 1550 1101 1632 continentur,
1125 1573 1206 1634 quae
1221 1571 1293 1614 cum

156 1661 275 1726 Hilarii
297 1661 458 1728 scribendi
481 1662 577 1729 modo
600 1662 841 1730 similitudinem
865 1660 1026 1749 quandam
1047 1661 1179 1742 habent,
1206 1659 1294 1744 quod

156 1773 252 1838 etiam
275 1774 308 1838 in
330 1774 401 1840 aliis
424 1775 612 1841 tractatibus
635 1775 773 1842 Zenonis
795 1776 1000 1863 perspicuum
1023 1783 1086 1856 est,
1113 1782 1219 1837 tamen
1242 1771 1294 1837 hio

155 1891 317 1950 tractatus
344 1885 384 1951 ab
417 1888 653 1958 commentariis
680 1871 798 1954 Hilarii
828 1889 862 1953 in
892 1886 1050 1969 tractandi
1076 1884 1173 1950 modo
1201 1885 1294 1972 plane

158 1993 273 2060 differt.
317 1997 630 2066 Similitudoautem
653 2001 876 2066 nonnullorum
898 2001 1041 2066 locorum
1062 2008 1184 2063 tantum
1201 2021 1292 2083 prae-

157 2105 213 2172 bet
233 2108 450 2175 testimonium
473 2110 561 2196 quod
583 2111 670 2178 Zeno
692 2113 854 2179 Hilarium
877 2111 1120 2199 diligentissime
1151 2108 1293 2196 perlege·

157 2220 222 2302 bat,
251 2221 315 2287 imo
347 2247 423 2288 vero
461 2247 689 2310 nonnunquam
715 2227 887 2292 sententias
910 2228 978 2312 ejus
1000 2225 1033 2290 et¹
1053 2223 1151 2289 verba
1173 2222 1205 2284 in
1227 2243 1294 2284 rem

156 2358 247 2400 suam
264 2337 482 2416 convertebam
506 2338 594 2421 satis,
617 2338 740 2424 opinor,
763 2349 874 2404 notum
898 2346 957 2422 est,
981 2337 1077 2404 etiam
1093 2359 1112 2398 a
1127 2333 1292 2422 (lym-iano

156 2471 221 2512 non
243 2470 314 2511 raro
336 2471 376 2512 ex
391 2449 536 2516 Minucio
551 2449 659 2516 Felice
678 2459 710 2514 et
732 2473 773 2515 ex
787 2450 983 2516 Tertulliano
1005 2448 1158 2513 nonnulla
1178 2445 1294 2511 iisdem

157 2559 263 2623 verbis
284 2560 418 2642 repetita
440 2560 574 2624 inveniri
600 2569 633 2626 et
659 2571 783 2643 tamen,
814 2560 932 2626 nemini
963 2561 997 2623 in
1028 2567 1164 2624 mentem
1197 2556 1294 2638 venit,

157 2674 226 2758 ejus
253 2694 350 2756 opera
371 2671 518 2737 Minucio
545 2680 602 2736 aut
622 2671 818 2738 Tertulliano
850 2670 1042 2736 adscribere.
1064 2707 1106 2718 -
1150 2667 1293 2732 Demon-

158 2782 265 2848 stratis
297 2792 403 2849 autem
429 2784 463 2849 in
498 2783 715 2852 admonitione
750 2783 783 2848 iu
803 2783 870 2849 ·Ps.
894 2779 1057 2851 CXXVI.
1092 2790 1124 2846 et
1159 2790 1295 2866 quatuor

156 2905 326 2980 sequentes
348 2897 512 2981 Psalmos,
548 2897 608 2964 hos
640 2897 781 2983 quinque
813 2905 967 2962 tractatus
997 2894 1182 2960 Hilarianos
1214 2917 1294 2972 esse,

154 3007 243 3092 quod
261 3012 329 3095 jam
352 3006 582 3093 Cassiodorus,
610 3010 829 3097 Hieronymus
852 3018 885 3074 et
906 3009 1102 3074 Hinemarus
1128 3016 1294 3088 testantur,

155 3118 246 3186 addit
268 3119 492 3188 Constantius:
531 3121 697 3209 „Aequius
721 3129 784 3205 est,
812 3129 848 3186 ut
870 3121 1091 3188 collectionem
1113 3142 1295 3184 sermonum

154 3231 301 3321 illorum,
329 3235 384 3318 qui
406 3235 543 3300 Zenonis
565 3235 694 3300 nomine
727 3233 1001 3316 circumferentur,
1033 3231 1179 3317 quamvis
1213 3231 1294 3296 anti·

154 3369 266 3430 quarn,
305 3345 423 3411 Hilarii
459 3356 565 3412 tamen
587 3367 692 3412 ‘saevo
716 3345 925 3430 posteriorem
958 3367 1028 3411 esse
1066 3345 1293 3410 existimemus.

154 3459 222 3523 Aut
245 3459 347 3544 siquis
370 3456 559 3541 contendet,
587 3458 766 3546 illam‘ejus
789 3457 926 3523 Zenonis
949 3479 1035 3539 esse,
1064 3457 1120 3541 qui
1144 3455 1294 3522 Gallieno

153 3570 343 3654 imperante,
366 3569 496 3653 vixerit,
519 3563 612 3636 certe¹
627 3568 795 3647 concedat,
818 3591 948 3635 necesse
971 3577 1034 3651 est,
1057 3591 1127 3647 eam
1149 3577 1293 3652 postmo-

155 3679 232 3745 dum
254 3681 364 3748 alienis
388 3682 552 3770 opusculis
574 3691 717 3766 auctam,
749 3706 822 3748 eum
849 3705 913 3748 non
940 3680 1059 3746 Hilarii
1091 3679 1201 3761 modo,
1236 3675 1294 3744 sed

156 3801 187 3855 et
210 3791 323 3858 Basilii
345 3793 549 3877 tractatibus,
581 3794 704 3880 aliquot
736 3803 882 3861 constare
909 3791 1050 3878 prudens
1073 3791 1210 3877 quisque
1231 3811 1295 3853 non

156 3912 329 3990 negaturus
352 3907 425 3973 sit.“
505 3911 508 3918 '

161 4047 165 4056 ·
222 4105 226 4114 Ι
254 4009 393 4084 Joourtee
414 4018 561 4087 Aldertus
583 4019 752 4086 Fabricius
783 4020 862 4105 (nat.
888 4016 1140 4102 1668‘Lipsiae,
1163 4016 1186 4099 †
1211 4015 1293 4081 1736

152 4128 350 4214 Hamburgi)
373 4130 406 4192 in
428 4130 650 4196 Bibliothecae
672 4130 806 4195 Latinae
829 4128 1002 4194 Volumine
1024 4128 1086 4192 III.
1109 4125 1292 4212 Hamburgi

153 4242 247 4307 1722.
270 4239 342 4304 Lib.
366 4239 425 4305 IV.
452 4265 526 4328 pag.
548 4244 614 4309 420
647 4243 752 4329 ponit,
786 4229 946 4306 Zenonem
977 4238 1011 4304 in
1044 4239 1180 4326 epistola
1210 4239 1291 4302 Am*

151 4353 251 4422 bro'sii
283 4362 566 4422 commemoratum
599 4363 792 4422 tractatuum
819 4375 891 4420 esse
917 4361 1089 4420 auctorem.
1133 4349 1294 4417 Buohneri
