3012 4936
770 253 786 318 5

206 412 342 496 [trimum
373 410 560 497 episcopum
589 412 621 477 S.
645 414 863 500 Euprapriuua
890 437 908 476 a
935 413 969 480 S.
992 413 1087 479 Petro
1111 417 1342 502 Apostolorum

204 523 354 606 Principe
375 522 538 587 Veronam
560 523 694 588 missum
716 525 825 607 fuisse,
849 533 880 589 et
903 521 1094 592 Christianis
1118 528 1218 593 sacris
1238 529 1341 595 Vero-

205 657 318 698 nenses
341 634 507 719 imbuisse,
535 635 643 720 ibique
666 636 751 700 circa
773 659 890 702 anuum
913 639 1185 724 septuagesimum
1208 651 1342 706 mortem

206 745 404 811 occubuisse.
441 745 508 814 Sed
523 748 695 834 superioris
711 749 898 833 praesertim
921 750 1042 814 saeculi
1064 751 1235 838 sc'riptores
1258 754 1341 839 opti-

205 881 319 942 meque
346 858 379 921 in
407 859 505 924 sacris
531 859 632 925 literis
663 861 794 944 versati,
831 861 940 948 Scipio
966 863 1119 950 Maffajus
1147 864 1204 950 ¹⁰),
1239 863 1342 929 Vero·

204 971 327 1052 nensis,
352 972 464 1036 Petrus
480 982 512 1036 et
527 974 736 1060 Hieronymus
752 975 878 1061 fratres
892 975 1068 1040 Baliariaii
1082 975 1134 1061 ¹¹),
1158 984 1190 1040 et
1204 977 1342 1042 Biaaco·

204 1085 303 1147 liuius
323 1083 377 1170 ¹⁹),
400 1081 665 1169 demonstrarunt,
688 1085 888 1172 Episcopum
910 1085 1044 1169 huncce,
1067 1109 1162 1172 quem
1179 1088 1342 1160 memorati

204 1194 375 1280 scriptores
401 1195 481 1260 false
508 1219 606 1260 uuum
634 1221 673 1262 ex
700 1199 903 1284 septuaginta
928 1196 1054 1263 duobus
1081 1196 1249 1285 discipulis
1271 1199 1341 1264 Do·

203 1306 281 1369 mini
304 1306 557 1391 praedicassent,
590 1307 695 1372 medio
716 1309 811 1374 tertio
834 1310 961 1375 saeculo
984 1310 1103 1375 vixisse
1126 1319 1158 1375 et
1180 1310 1264 1376 circa
1286 1333 1342 1375 an-

204 1441 278 1481 num
303 1417 556 1483 ducentesimum
579 1417 859 1505 quadragesimum
882 1431 1042 1486 mortuum
1065 1443 1145 1487 esse.

307 1529 359 1592 De
381 1531 589 1596 Dimidriauo
611 1539 643 1596 et
665 1531 845 1620 Simplicio,
872 1532 927 1616 qui
954 1535 1153 1620 Euprapiuru
1180 1532 1343 1598 subsecuti

203 1639 377 1703 suntnihil
399 1650 596 1728 compertum
618 1642 787 1723 habemus;
811 1653 959 1728 quartum
981 1644 1157 1709 antistitem
1171 1642 1340 1709 Veronen-

203 1775 270 1815 sem
297 1763 369 1817 acta
391 1751 450 1820 SS.
473 1755 593 1820 Fr'rmii
619 1763 651 1820 et
676 1757 804 1822 Rustici
830 1766 1096 1840 commemorant,
1129 1756 1185 1840 qui
1211 1780 1261 1821 an.
1277 1758 1342 1822 305

203 1864 354 1952 martyrio
377 1865 520 1930 coronati
541 1874 615 1931 sunt
635 1867 687 1952 ¹³).
731 1867 797 1933 Hic
819 1867 990 1954 episcopus
1014 1867 1131 1933 eximio
1152 1865 1266 1933 ardore
1281 1891 1339 1955 pro

203 1972 326 2042 Christi
352 1974 498 2042 doctrina
526 1977 626 2042 vitam
657 1977 756 2043 dandi
789 1978 953 2065 flagravit,
988 1979 1131 2066 colaphis
1165 2001 1276 2046 caesus
1311 1990 1342 2045 et

203 2087 382 2153 multifariis
409 2088 567 2154 cruciatus
600 2090 782 2177 suppliciiS,
815 2091 987 2175 tranquilla
1008 2081 1138 2156 tandem
1161 2107 1262 2157 morte
1285 2092 1341 2157 ab·

143 2236 146 2242 ·
201 2211 311 2286 reptas
334 2210 392 2267 est.
423 2202 476 2268 De
498 2224 683 2268 successore
706 2205 774 2289 ejus
797 2203 971 2269 Saturnino
991 2203 1033 2289 14)
1057 2202 1228 2288 singularis
1251 2202 1343 2268 deest

202 2316 324 2380 notitia.
368 2315 420 2380 De
443 2324 533 2381 sexto
555 2315 707 2402 episcopo
730 2315 854 2381 Lucilla
875 2315 931 2401 ¹⁴),
952 2338 1055 2400 ¹quem
1077 2314 1111 2380 S.
1134 2316 1287 2380 Hilarius
1310 2326 1341 2379 et

201 2429 234 2493 S.
258 2428 453 2494 Athanasius
474 2437 738 2509 commemorant,
767 2436 905 2510 constat,
933 2450 1006 2491 eum
1029 2450 1078 2490 an.
1102 2427 1165 2492 347
1190 2422 1339 2494 Concilio

134 2620 136 2624 Ι
203 2538 387 2605 Sardioeusi
408 2538 598 2602 interfuisse.
631 2539 713 2603 Post
734 2537 830 2602 breve
852 2547 958 2602 autem
975 2536 1096 2603 Oriciai
1116 2537 1157 2622 ¹⁴)
1181 2537 1248 2600 sive
1265 2539 1341 2602 Gri-

203 2653 269 2715 cini
306 2651 357 2735 (ut
394 2673 466 2714 eum
502 2648 648 2714 Andreas
682 2650 830 2713 Dandoio
862 2657 957 2712 vocat
986 2648 1020 2711 in
1052 2645 1172 2715 Chron.
1203 2648 1258 2714 lib.
1281 2649 1341 2714 IV.

202 2785 271 2847 cap.
286 2763 317 2827 5.
340 2760 432 2826 Tom.
444 2760 523 2825 XII.
545 2759 665 2825 Rerum
687 2758 872 2823 Italicarum
894 2783 968 2845 pag.
984 2762 1063 2846 aa),
1085 2759 1238 2846 regimen,
1261 2761 1342 2826 Zeno

201 2897 299 2957 anno,
330 2883 368 2938 ut
393 2871 534 2955 videtur,
566 2873 630 2938 362
658 2880 749 2936 sexto
773 2870 821 2936 ld.
844 2871 1035 2936 Decembris
1062 2871 1195 2936 antistes
1222 2871 1341 2936 electus

201 2974 263 3069 est,
286 2985 425 3072 primum
448 2982 538 3049 sidus
561 2980 647 3048 sedis
670 2983 863 3069 episcopalis
886 2982 1103 3067 Veronensis,
1131 2983 1180 3047 vir
1202 2991 1237 3047 ut
1259 2983 1343 3047 vitae

201 3098 382 3180 sanctitate,
408 3097 453 3161 ita
476 3094 639 3161 doctrinae
661 3093 877 3181 profunditate
901 3095 1108 3161 clarissimus.
1153 3093 1205 3159 De
1227 3095 1341 3160 nativi-

200 3219 264 3274 tate
295 3218 327 3274 et
351 3209 454 3295 patria
480 3208 574 3296 hujus
598 3206 709 3274 Sancti
737 3206 815 3270 nibil
843 3207 920 3270 certi
949 3217 1148 3291 compertum
1175 3205 1342 3287 habemus,

200 3330 338 3384 attamen
361 3321 437 3385 satis
461 3318 625 3405 probabile
647 3316 775 3384 videtur
797 3341 877 3400 esse,
899 3319 998 3384 fuisse
1022 3342 1093 3383 eum
1110 3317 1239 3382 natione
1254 3317 1341 3380 Afri-

274 3585 304 3653 ¹‘')
323 3583 354 3637 In
377 3583 493 3652 epistola
515 3583 550 3636 ad
572 3580 731 3637 Nicolaum
756 3579 888 3640 Ooieturu
910 3599 1006 3637 recusa
1028 3583 1056 3636 in
1078 3583 1143 3638 edit.
1169 3582 1213 3637 cit.
1231 3581 1340 3652 Ughelli
1422 3584 1430 3597 ''

200 3693 262 3744 pag.
273 3679 334 3734 672.
352 3681 380 3731 et
397 3677 425 3730 in
442 3677 552 3732 Verona
569 3676 702 3730 illustrata
719 3678 795 3732 Tom.
808 3679 828 3731 I.
847 3677 906 3731 Lib.
919 3677 992 3732 VIII.
1010 3692 1074 3746 pag.
1087 3678 1147 3731 210.

274 3772 304 3840 ¹¹)
323 3773 354 3826 In
373 3770 620 3840 dissertationibus,
638 3787 708 3839 quae
725 3771 892 3841 praecedunt
909 3770 1059 3826 editionem
1078 3770 1237 3826 Sermonum
1255 3770 1340 3825 Zeno·

201 3863 243 3917 uis
261 3865 385 3920 Veronae
405 3867 480 3922 1739.
1257 3871 1262 3882 '

228 3993 237 4007 .
274 3959 304 4026 Η)
322 3956 525 4015 Biaucolinii:
541 3957 594 4013 Dei
611 3954 730 4014 Vescovi
749 3974 763 4014 a
782 3960 963 4015 Goveraatori
981 3959 1010 4014 di
1023 3960 1133 4015 Verona
1150 3960 1340 4016 dissertazioni

200 4052 253 4108 due
272 4053 299 4105 in
316 4050 426 4108 Verona
444 4056 520 4110 1757.

274 4147 304 4218 ¹³)
322 4147 419 4202 Istoria
442 4149 617 4217 diplomatica
637 4149 687 4203 che
708 4164 787 4206 serve
809 4149 1025 4205 d'iatroduzioue
1046 4149 1090 4204 all'
1113 4154 1171 4205 arte
1193 4149 1286 4204 crisim
1311 4149 1339 4204 iu

198 4242 236 4295 tal
255 4241 368 4298 materia
385 4245 435 4296 cet.
470 4243 599 4298 Mantova
618 4245 683 4300 1727
702 4243 745 4298 ed.
763 4244 934 4298 Tumermani
952 4259 1015 4314 pag.
1028 4245 1088 4302 298.

273 4339 303 4406 ¹⁴)
321 4331 496 4391 Biaucoliai
514 4355 557 4407 op.
577 4339 621 4392 cit.
639 4331 807 4394 Dissertazio
824 4339 845 4393 Ι.
864 4355 927 4408 pag.
941 4339 982 4394 17.
