3012 4936
691 263 749 330 107

151 429 272 494 zealouo
296 427 485 492 Goldwitzer
510 425 543 488 in
571 424 733 509 operibus:
777 423 1018 512 Bibliograpbie
1045 423 1101 490 der
1126 423 1286 489 Kirohen-

150 545 239 605 viter
262 537 328 604 und
350 536 597 604 Kirohenlehrer
618 560 691 600 vom
715 535 883 602 I-XIII.
899 534 1127 602 Jabrhundert.
1160 533 1286 601 Lunds-

150 652 209 715 but
226 648 326 716 1828:
341 673 413 736 pag.
430 651 473 714 30
494 658 525 713 et
547 649 578 712 in
602 669 669 731 op.:
692 646 875 733 Patrologie
898 647 1082 713 verbunden
1105 648 1164 712 mit
1182 647 1286 711 Patri-

152 763 224 827 stik.
247 760 422 847 Niirnberg
440 763 531 826 1834.
555 758 646 824 Torn.
662 760 688 823 Ι.
705 760 737 823 in
752 758 889 825 Saeculo
904 758 965 823 ΙΠ.
982 776 1051 844 cap.
1067 759 1112 825 X.
1135 781 1208 844 pag.
1223 760 1287 824 216

151 873 348 959 gravissimis
371 872 536 937 Ecclesiae
568 870 765 957 temporibus
788 871 948 936 Zenonem
982 870 1102 935 vixisse
1135 867 1230 934 dooet
1257 877 1289 933 et

153 986 213 1049 sub
248 983 396 1050 Gallieno
433 967 630 1070 Imperatore
667 984 818 1072 martyrio
857 991 1042 1047 coronatum
1079 1003 1150 1046 esse
1168 980 1222 1066 ⁷⁹).
1245 1021 1286 1030 -

130 1097 189 1177 ,In
215 1091 456 1182 Enoyolopedia
478 1097 603 1160 Piereri
629 1093 960 1182 (Eunyolopbdisehes
987 1091 1205 1158 Wdrterbuolr
1227 1101 1286 1157 eto.

149 1207 332 1292 Altenbnrg
356 1208 454 1292 1836)
477 1206 569 1271 Tom.
592 1207 725 1272 XXVI.
748 1229 820 1292 pag.
838 1207 901 1272 613
924 1204 984 1271 sub
1008 1204 1157 1271 Gallieno
1179 1203 1286 1287 Impe-

24 1401 28 1406 .
151 1329 255 1383 ratore
278 1319 437 1382 Zenonem
460 1316 545 1382 diem
568 1317 687 1384 obiisse
710 1328 903 1400 extremam,
936 1325 1093 1394 narratur3
1126 1337 1287 1380 sermones

151 1430 211 1493 sub
234 1432 302 1515 ejus
326 1429 453 1494 nomine
480 1427 558 1494 editi
585 1431 615 1494 ei
641 1428 872 1516 abjudicantur.
917 1429 1024 1494 Etiam
1046 1428 1232 1515 Ruoleqober
1254 1425 1287 1490 in

150 1540 272 1604 Lexioo
303 1523 460 1626 Fribnrg.¹
483 1540 575 1606 Tum.
605 1541 655 1606 eit.
678 1565 752 1630 pag.
776 1543 840 1608 634
873 1541 906 1606 in
940 1540 1029 1605 artie.
1051 1538 1181 1606 Verona
1213 1561 1287 1604 vere
1330 1583 1332 1588 -

151 1653 331 1738 Martyrem
354 1651 516 1718 Zenonem
538 1653 637 1718 fnisse
659 1652 837 1718 arbitratur.

251 1763 318 1827 Alii
341 1763 528 1849 scriptoreS,
552 1764 607 1848 qui
630 1764 723 1849 quasi
744 1746 970 1851 praeterientes
994 1764 1154 1829 Zenonem
1178 1762 1286 1844 citant,

149 1884 184 1939 ut
202 1875 373 1956 Binterim,
396 1874 543 1961 Kliipfel,
575 1876 715 1943 Perrone
730 1887 789 1942 eto.
806 1887 865 1943 ete.
888 1898 999 1942 omnes
1022 1884 1135 1960 quarto
1158 1874 1286 1940 saeculo

149 2009 222 2050 eum
244 1985 364 2050 vixisse
386 1987 556 2073 accipiunt.

253 2095 303 2159 Eo
330 2095 426 2162 modo
453 2121 503 2162 res
531 2097 573 2162 ad
600 2096 785 2162 umbilicum
814 2096 968 2184 perducta
985 2098 1106 2181 tuerit,
1140 2121 1222 2182 quae
1245 2097 1289 2192 ad

150 2191 247 2272 vitam
270 2217 301 2272 et
324 2231 486 2275 sermones
508 2209 646 2275 Zenonis
679 2209 780 2274 nostri
811 2209 935 2288 attinet3
968 2231 1078 2278 omnes
1111 2194 1286 2274 industriae

147 2340 262 2384 nervos
285 2319 478 2387 intendimus
501 2321 534 2386 in
556 2320 778 2408 perquirendis
800 2305 965 2408 operibus,
988 2321 1168 2406 exquibus
1191 2319 1284 2406 quid-

150 2427 230 2512 quid
251 2428 292 2492 de
313 2429 441 2498 Zenone
464 2435 605 2519 comperi
628 2443 748 2518 potest,
780 2442 931 2516 putamus
953 2455 1045 2519 ergo,
1072 2433 1127 2498 vix
1148 2432 1286 2516 amplius

148 2538 278 2602 omnino
300 2540 332 2604 in
354 2541 494 2607 favorem
517 2544 691 2609 sententiae
712 2551 840 2608 nostrae
862 2542 927 2608 diei
949 2565 1057 2627 posse3
1080 2543 1159 2608 baeo
1181 2552 1287 2608 autem

148 2674 188 2716 ex
216 2650 439 2734 disquisitione
465 2662 588 2736 nostra,
617 2655 694 2719 satis
721 2649 821 2736 clare,
848 2662 884 2718 ut
905 2653 998 2719 nobis
1021 2649 1147 2719 ridetur
1167 2663 1286 2740 patent,

147 2763 307 2828 Zenonem
331 2765 436 2849 quarti
459 2765 579 2830 saeouli
602 2787 672 2831 esse
693 2764 857 2830 doctorem
872 2774 904 2831 et
918 2774 954 2830 ut
968 2763 1054 2854 pleni
1069 2765 1286 2852 persuasionis

149 2897 275 2958 snmus,
300 2873 540 2960 Confessorem‚
564 2900 628 2942 non
650 2877 839 2964 Martyrem.
887 2903 890 2915 “

216 3157 250 3225 ⁷⁹)
269 3158 343 3213 ldem
368 3175 428 3213 oum
447 3159 630 3217 Goldwitzero
653 3161 753 3216 sentire
775 3161 883 3217 videtur
900 3159 1002 3218 Jacob.
1027 3147 1286 3220 ultramontana

146 3251 174 3306 in
193 3251 399 3307 Commemorat.
417 3255 512 3324 Progr.
531 3255 611 3309 natal.
630 3255 665 3310 de
683 3255 753 3311 Filio
770 3255 836 3326 Dei,
860 3271 925 3311 suae
943 3254 1075 3312 humanae
1092 3261 1204 3311 naturae
1222 3271 1284 3310 oon·

146 3345 234 3400 ditore
253 3352 303 3402 eto.
340 3346 463 3417 Gdtting.
482 3349 551 3402 1750
567 3348 639 3404 huno
657 3349 728 3404 enim
747 3349 912 3405 Goldwitzer
933 3349 1010 3420 oitat3
1034 3355 1152 3406 attamen
1170 3365 1284 3420 opuseu-

146 3441 201 3494 lum
220 3439 303 3497 hoooe
322 3459 376 3497 non
395 3447 453 3498 erat
469 3442 549 3498 nobis
566 3443 772 3515 inspiciendum.

980 3567 1002 3638 q
