3012 4936
721 271 760 334 85

168 423 596 518 editorum)'diversitatem,
620 438 655 492 ut
678 428 794 492 multos
818 428 923 494 inesse
944 428 1033 514 operi
1057 427 1104 491 illi
1128 451 1192 492 non
1208 429 1312 494 solum

168 568 234 608 non
256 547 325 629 ejus
348 540 602 626 eloquentissimi
623 540 785 625 antistitis,
809 539 867 605 sed
888 533 983 606 etia'm
997 540 1094 626 longe
1109 540 1313 623 recentiores,

171 678 268 738 quam
291 656 347 738 qui
369 654 447 718 libet
469 651 509 717 de
531 675 629 738 grege
652 663 828 718 ceterarum
844 653 1065 736 concionum,“
1090 652 1312 739 accipiendum

172 765 223 829 sit.
268 764 408 832 Omnino
435 765 487 829 hic
514 773 637 846 auctor,
666 765 721 848 qui
749 764 926 830 eruditione
955 765 1072 830 multos
1099 764 1258 830 antecellit
1282 775 1313 828 et

173 879 225 942 cui
247 901 378 944 acumen
401 878 522 964 ingenii
544 877 674 942 minime
698 876 846 964 derogari
873 887 994 966 potest,
1022 901 1217 963 quamquam
1240 901 1312 942 eum

173 985 349 1056 Cotelerius
370 1000 402 1055 et
413 990 573 1078 ⁸Nicolaus
589 989 720 1076 Nourry
740 989 783 1076 ⁷⁵)
806 989 952 1055 criticum
975 991 1134 1056 minorum
1158 980 1312 1055 vocarunt

173 1101 326 1186 gentium,
350 1103 498 1167 maximis
520 1095 670 1167 laudibus
693 1101 828 1174 adornat
850 1103 1021 1186 Zenonem,
1044 1103 1231 1188 primusque
1253 1112 1312 1184 est,

170 1214 227 1297 qui
263 1215 296 1278 in
334 1215 419 1300 stylo
456 1218 524 1300 ejus
561 1214 747 1278 Africanam
778 1213 956 1278 dictionem
992 1223 1078 1279 recte
1114 1215 1312 1299 recognovit.

172 1324 247 1388 mu.
271 1325 401 1388 xuru.
426 1348 495 1410 ap.
518 1325 564 1389 x.
588 1324 648 1389 001.
675 1326 757 1390 1944
781 1323 871 1389 sicit:
911 1324 1041 1406 „quum
1065 1327 1226 1390 zenonem
1248 1326 1314 1390 ve·
1408 1301 1413 1326 '

174 1457 343 1501 renensem
377 1435 537 1520 quendam
571 1436 745 1500 antistitem
776 1436 864 1521 lege,
903 1434 1125 1503 Christianum
1157 1437 1317 1522 quendam

175 1545 373 1633 Appulejum
395 1548 503 1634 legere
526 1548 604 1612 mihi
626 1546 752 1629 videor,
780 1545 860 1612 adeo
889 1547 1032 1614 eruditus
1056 1559 1123 1614 erat
1145 1549 1318 1630 etdonsus

174 1656 208 1722 in
231 1659 451 1744 significandis
473 1683 656 1744 perpauca
678 1660 787 1724 multis
810 1660 838 1726 is
861 1659 1081 1725 nobilissimus
1104 1671 1224 1726 auctor.
1263 1661 1318 1726 Sic

171 1793 270 1853 quum
294 1769 333 1836 de
361 1771 437 1836 luna
460 1771 577 1838 'scribit
604 1794 749 1836 sermone
778 1771 818 1836 de
844 1771 1104 1857 Resurrectione,
1132 1797 1228 1858 quem
1254 1797 1318 1838 non

82 1924 85 1929 -
169 1883 252 1950 Afri,
265 1883 399 1969 alicujus
425 1883 590 1968 scriptoris
614 1865 709 1969 genio
732 1882 858 1949 afflet?“
1042 1929 1046 1936 -

274 1993 472 2080 Augustinus
496 1997 679 2060 Baclaerus
707 1997 738 2058 in
761 1995 998 2062 Dissertatione
1021 1994 1319 2064 CCCLXXXIX.

167 2125 244 2191 pag.¹
263 2107 326 2171 527
339 2106 380 2192 ²¹³).
425 2105 583 2192 Bagetae,
607 2105 751 2188 Peretti,
764 2106 895 2170 Baronii
918 2118 950 2174 et
972 2105 1158 2174 Oasauboni
1181 2118 1311 2174 secutus

177 2217 354 2302 opiniones,
377 2217 539 2282 Zenonem
563 2218 623 2282 sub
638 2217 743 2283 Decio
766 2217 886 2284 vixisse
908 2227 1018 2305 putat;
1040 2242 1114 2305 pag.
1130 2221 1194 2286 528
1211 2242 1259 2303 sq.
1275 2220 1320 2283 ita

173 2329 218 2394 de
242 2330 369 2396 Zenone
388 2330 526 2417 judicat:
560 2329 641 2413 „Est
664 2329 794 2416 quidem
817 2330 1077 2398 Zenonisdictio
1101 2329 1238 2413 erudita,
1262 2330 1321 2395 ilo⁷

170 2439 251 2521 rida,
275 2442 418 2526 elegans3
441 2467 516 2506 narn
536 2452 568 2506 et
588 2443 935 2527 praestantissimorum
957 2453 1123 2506 auctorum
1146 2435 1316 2506 lectionem

171 2549 294 2614 redolet
321 2574 359 2616 ac
381 2551 512 2636 Virgilii
540 2574 614 2615 cum
639 2553 750 2635 primis
782 2559 814 2614 et
833 2575 910 2638 'non
945 2553 1013 2615 sine
1047 2575 1123 2616 eura
1156 2551 1316 2616 coloribus

146 2663 266 2734 ‚variis
293 2664 379 2746 picta
402 2673 434 2726 et
454 2663 668 2744 interstincta,
696 2672 860 2748 praeterea
885 2661 1023 2748 propriis
1047 2661 1193 2726 etvalde
1216 2662 1316 2748 signi-

172 2775 342 2840 ficantibus
366 2771 531 2840 vocabulis
554 2758 694 2852 constan
717 2774 877 2858 pluraque
899 2773 1078 2859 ingeniose,
1107 2783 1202 2858 atque
1225 2783 1317 2839 aucte

170 2887 258 2952 dicta
280 2888 376 2953 habet
391 2888 460 2982 sic,
492 2896 529 2952 ut
550 2887 628 2951 nihil
653 2885 820 2973 capitalius
844 2885 909 2952 dici
936 2909 1032 2972 posse
1059 2885 1206 2952 videatur
1207 2933 1312 2950 .....

169 3000 275 3064 Nemo
301 3023 432 3086 operam
454 2999 580 3086 luserit,
613 3000 669 3084 qui
692 2997 857 3065 sermo'nes
878 2998 1114 3066 eruditissimos
1137 3000 1256 3086 pariter
1278 3022 1315 3063 ac

171 3112 390 3177 sanctissimos
424 3113 530 3200 legere
567 3114 708 3178 animum
741 3110 881 3176 inducat.
909 3110 1063 3176 ·Praeter
1096 3135 1193 3195 quam
1227 3109 1316 3194 quod

170 3222 291 3305 passim
307 3222 478 3306 praeclaris
493 3248 531 3289 ac
546 3223 830 3310 praestantissimis
846 3223 1010 3294 sententiis
1027 3231 1059 3287 et
1073 3221 1115 3288 ad
1125 3222 1313 3310 religionem

169 3333 329 3398 instruant
343 3334 466 3398 animos
481 3345 512 3398 et
523 3333 565 3400 ad
580 3360 688 3401 veram
702 3332 854 3420 pietatem
870 3335 1004 3400 invitent
1019 3359 1056 3400 ac
1071 3335 1205 3412 ducant3
1221 3334 1314 3418 plura

175 3454 259 3509 certe
275 3445 320 3510 ibi
336 3445 572 3530 elegantissime
587 3456 619 3510 et
633 3447 857 3514 venustissime
873 3446 1043 3513 observare
1058 3448 1143 3529 licet,
1160 3469 1242 3530 quae
1254 3446 1313 3510 mi*

171 3580 241 3620 rum
256 3557 289 3620 in
299 3556 436 3622 modum
453 3575 569 3643 augere
585 3567 616 3622 et
631 3559 789 3624 aemulare
805 3559 1005 3642 eloquentiae
1020 3568 1157 3644 possunt
1172 3563 1279 3642 opes.“

274 3671 466 3736 Franciacus
499 3671 652 3736 Romilius
678 3675 831 3740 liebertus
859 3671 954 3738 θανά.
981 3672 1199 3737 Bellarminus
1233 3670 1313 3754 (nat.

173 3777 291 3863 oppido
326 3783 439 3848 Monte
473 3781 627 3846 Pulciano
652 3785 750 3866 1542,
783 3784 950 3867 †Romae
980 3785 1084 3870 1621).
1112 3783 1145 3846 in
1176 3805 1227 3866 op·
1262 3781 1315 3846 De

173 3891 382 3974 scriptoribus
405 3894 630 3962 ecclesiasticis
655 3894 809 3964 Coloniae
827 3895 911 3962 1684
932 3917 1006 3982 pag.
1022 3897 1065 3962 50
1088 3894 1203 3979 capite,
1227 3891 1315 3977 quod

237 4165 269 4233 ⁷⁵)
288 4165 443 4232 Apparatus
469 4168 505 4221 ad
530 4167 728 4223 Bibliothecam
755 4167 899 4222 maximam
923 4173 1045 4240 veterum
1076 4137 1187 4220 Patrurri
1204 4167 1316 4222 Parisiis

172 4260 247 4313 1715.
266 4259 342 4312 Tom.
355 4259 375 4312 I.
394 4260 590 4318 Dissertationo
608 4263 654 4317 IV.
672 4268 720 4316 art.
741 4263 781 4317 17.
800 4279 863 4332 pag.
882 4263 924 4317 62.
1036 4291 1039 4296 ·

230 4354 255 4423 *J
265 4353 501 4428 nuwnunterg.
511 4357 584 4412 1660.
603 4358 687 4416 Natus
696 4356 778 4415 suita
786 4357 990 4426 1591Dresdac,
1001 4359 1093 4426 †1661
1101 4357 1314 4425 Witteubergae.
