3012 4936
712 280 750 342 tl

157 440 278 506 scholis
302 437 345 502 ad
359 397 498 503 Zeu-bnis
522 434 740 504 editionem'et
753 427 938 507 Buccellas
959 442 992 506 in
1015 441 1081 508 suis
1105 440 1301 506 dissertatio-

157 553 253 618 nibus
268 549 619 634 nounnllosauctores,
643 531 778 636 quorum
801 575 899 637 opera
920 578 984 619 non
1005 541 1146 620 vidimus
1168 562 1201 619 et
1223 575 1309 620 nou·.

158 664 249 728 nulla
274 671 503 746 monumenta,.
523 683 605 747 quae
627 661 775 734 Veronae
790 666 834 730 ‘et
856 665 987 731 Pistorii
1014 667 1047 732 iu
1073 683 1150 732 mss.
1175 687 1303 731 conser-

159 774 331 857 vabantur,
355 797 437 858 quae
458 774 601 861 ipsorum
624 775 731 841 favent
753 777 971 863 opinionibus:
1070 803 1074 810 ·
1147 793 1151 802 '

564 951 568 958 ’
598 990 801 1065 irrisurus
829 993 861 1064 u.
909 1047 913 1054 .

177 1107 179 1112 ’
215 1125 424 1174 rnsrrnoum
443 1115 715 1186 unumunurm,
739 1125 1249 1198 incursusuznnoconrnsson
1295 1105 1299 1140 ²

651 1205 816 1252 vocnrcn.
924 1234 932 1242 -

260 1333 337 1398 «lam
361 1357 458 1419 supra
479 1335 840 1420 protulimusPanvinii
862 1335 1093 1418 testimonium,
1112 1333 1203 1400 unde
1225 1334 1302 1400 edo-

160 1467 270 1510 cemur
297 1461 425 1532 semper
449 1447 611 1512 Zenonem
638 1448 671 1510 in
698 1447 1049 1524 Ecclesia-Veronensi
1076 1443 1303 1532 Confessorem

160 1557 282 1622 cultum
310 1579 380 1623 esse
410 1560 614 1644 primumque
644 1552 743 1624 fuisse
759 1559 936 1646 -Aloysiurn
958 1558 1213 1644 hippomauum,
1247 1559 1303 1648 qui

159 1669 300 1733 officium
328 1669 467 1736 Zenonis
498 1655 650 1755 tanquam
678 1669 833 1758 Martyris
868 1657 1003 1736 institui
1019 1667 1172 1756 jusserit..
1207 1665 1303 1735 Hanc

159 1781 349 1845 sententiam
371 1781 624 1848 adversabantur
655 1783 800 1869 martyrii
823 1783 998 1847 Zenoniaui
1029 1781 1227 1847 defensores:
1259 1791 1301 1864 at,

158 1902 194 1955 ut
220 1894 314 1958 nobis
341 1893 625 1980 vidatnrinjuste,
657 1894 734 1977 quia
755 1893 791 1957 in
811 1894 961 1959 omnibus
982 1896 1048 1959 fere
1071 1894 1302 1979 antiquissimis

160 2002 362 2070 documentis
398 2006 565 2072 Ecclesiae
602 1991 798 2070 Veronensis
835 2005 923 2070 Zeno
946 2002 1123 2073 Confessor
1159 2017 1300 2072 vocatur.

160 2115 359 2180 Testimonia
388 2127 515 2187 nostrae
547 2116 721 2185 sententiae
754 2118 893 2182 faventia
926 2119 1115 2184 invenimus.
1131 2118 1302 2204 praecipue

158 2229 191 2292 n
214 2224 366 2312 operibns
395 2231 526 2317 cyma,
550 2225 733 2317 uastaret
754 2231 952 2296 333333.
996 2231 1036 2294 In
1050 2230 1225 2296 nonanus·
1242 2213 1305 2295 nol

158 2341 317 2408 sumentis
345 2340 385 2406 de
407 2342 536 2408 Zenone
558 2327 693 2406 omniu'o
710 2350 759 2406 est
781 2333 886 2406 sermo
909 2342 977 2408 sine
1000 2341 1065 2406 ulla
1078 2340 1305 2425 'adnotatione‘

158 2451 509 2538 fiuentne·Confessor‚
533 2447 736 2541 an'Martyr⁷
762 2454 794 2538 in
817 2455 985 2540 perpaucis
1008 2454 1136 2539 Martyr
1157 2448 1302 2524 vtic‘atur:

160 2561 199 2624 Iu
223 2546 428 2630 monn'inento
452 2564 492 2629 de
515 2589 565 2638 an.
589 2567 651 2630 833
675 2589 715 2629 cx
736 2575 879 2650 tempore
902 2559 1055 2630 Rothaldi
1078 2564 1165 2650 apud
1193 2567 1303 2652 Uplrel-¹

160 2677 226 2738 lura
247 2675 369 2761 op.'pit.
386 2675 477 2739 Tom.
494 2676 536 2740 V.
559 2699 633 2761 pag.
651 2673 714 2741 717
736 2686 858 2760 tantum
874 2676 919 2742 de·
931 2675 964 2744 S.
981 2677 1109 2741 Zenone
1125 2686 1303 2762 est'sermo.

160 2826 201 2836 -
225 2787 264 2852 In
289 2797 494 2852 monumento
518 2786 557 2852 de
580 2803 629 2853 an.
648 2790 733 2854 8473
750 2787 912 2853 decretum
936 2810 1127 2862 concessum
1149 2788 1304 2854 coenobio

159 2909 192 2963 et
213 2899 376 2964 Basilicas
393 2899 432 2967 S.
449 2899 589 2965 Zenonis
611 2899 802 2966 a'Irothario
825 2891 1044 2969 etluudovlco
1064 2903 1131 2988 ejus
1154 2901 1221 2965 fflio
1237 2901 1303 2966 Im-

159 3011 360 3097 peratoribus
384 3007 478 3096 (ibid.
494 3035 567 3098 pag.
587 3003 664 3098 718)
687 3012 720 3076 in
743 3022 800 3076 art.
816 3015 859 3078 49
882 3013 1038 3103 Laudari:
1062 3013 1102 3078 de
1121 3013 1159 3077 B.
1177 3015 1304 3079 Zenone

161 3121 357 3190 Confessore
381 3120 504 3190 Christi
527 3120 646 3210 pluries
669 3134 720 3214 est
741 3147 921 3195 sermo.·—-
965 3125 1004 3188 Iu
1031 3122 1157 3191 docum.
1184 3123 1226 3190 de
1252 3147 1304 3189 an.

162 3237 242 3300 828:
274 3235 308 3299 in
340 3235 476 3302 ec'c'lesia
496 3235 531 3302 S.
551 3231 712 3318 Helenae,
744 3236 979 3321 p'rope'Altare
1009 3237 1143 3324 hujusce
1166 3237 1304 3304 Sanctae

114 3337 118 3341 ¹
161 3347 321 3412 variorum
345 3347 536 3414 Sanctorum
556 3345 842 3414 Confessommet
850 3348 1046 3436 Martyrum
1072 3348 1225 3432 reliquiae
1248 3346 1305 3413 de

160 3461 284 3564 positae
317 3458 357 3522 ab
380 3456 513 3526 Audrca
534 3458 736 3546 Aquilejcnsi
766 3459 936 3547 Episcopo
963 3469 1191 3526 memorantur:
1223 3459 1305 3523 inter

162 3589 241 3654 quas
286 3569 440 3654 reliquiae
477 3569 516 3637 S
538 3570 677 3652 Zenonis
715 3569 919 3639 Confessoris
965 3583 1039 3638 cont
1026 3573 1166 3637 tinentur
1202 3547 1304 3655 (ibid

162 3705 234 3770 pag.
252 3685 405 3770 820).=.-
450 3682 490 3746 In
512 3681 689 3769 diplomate
704 3708 762 3748 ex:
773 3687 822 3750 an'.
847 3687 910 3751 967
934 3683 1074 3766 Othonis
1096 3683 1239 3768 Imperat
1240 3682 1304 3746 oris

161 3804 284 3858 tanturn
319 3793 415 3860 deS.
440 3795 567 3860 Zenone
601 3806 651 3861 est
683 3819 787 3862 sermo
822 3794 915 3882 (ibid
938 3819 1012 3882 pag.
1031 3791 1124 3880 735);
1158 3793 1280 3866 idem
1271 3815 1305 3856 111

162 3904 500 3994 diplomate‘ejusdem
521 3907 661 3996 Othonis
685 3931 724 3972 ex
746 3918 889 3995 tempore
912 3907 1046 3974 Milonis
1070 3906 1215 3993 episcopi
1237 3905 1303 3990 (sc-

161 4016 303 4084 cundum
325 4015 419 4104 Bapt.
442 4019 606 4086 Perettum
634 4019 674 4094 dc
696 4031 755 4083 arr.-
770 4000 862 4105 960)“;
897 4019 974 4086 ibid.
998 4041 1071 4105 pag.
1089 4019 1166 4099 741,
1190 4016 1232 4097 ‘in
1255 4016 1305 4083 di-

161 4130 301 4216 plomate
324 4130 365 4198 de
384 4153 435 4196 an.
451 4127 515 4198 966
527 4133 625 4218 .(pag.
645 4132 736 4220 742);
760 4130 800 4196 de
823 4153 873 4194 an.
896 4132 963 4196 988
980 4129 1126 4214 diploma
1149 4119 1305 4196 coenobio

74 4279 76 4282 ·
102 4230 105 4233 ¹
160 4242 300 4308 Zenonis
331 4247 519 4308 concessum
547 4245 636 4327 (pag.
655 4230 763 4326 745)'‚.
776 4241 832 4307 ubi
858 4241 979 4325 pluries
1006 4241 1177 4326 episeopus
1200 4232 1305 4314 Ver'o·

72 4345 75 4352 ⁴
160 4355 269 4420 nensis
300 4354 440 4420 vicanus
465 4352 500 4420 S.
524 4353 662 4420 Z'enonis
693 4363 825 4419 vocatur
855 4351 956 4442 (idem
989 4354 1023 4419 in
1056 4351 1232 4442 diplomate
1266 4353 1307 4432 de
1376 4434 1377 4438 Ἰ
