3012 4936
686 217 755 280 'lb

165 376 284 461 potuit,
314 375 403 460 quod
423 386 531 441 tamen
552 375 713 441 rarissime
735 375 867 457 accidit,
890 382 927 439 ut
948 397 1058 440 omnes
1082 375 1306 460 antiquitatum

165 490 454 554 ecclesiasticarum
477 488 580 574 gnari
593 489 740 552 fatentur.
787 488 948 570 Quantam
976 487 1060 551 enim
1087 491 1307 552 auctoritatem

94 589 96 596 Α
166 601 315 687 episcopi
334 601 438 686 quarti
461 611 492 666 et
514 601 618 685 quinti
639 600 759 666 saeculi
782 601 1012 666 consecrationi
1035 601 1195 686 virginum
1217 601 1306 665 attri-

166 713 302 796 buerint,
326 735 423 798 quare
445 712 507 778 sibi
522 713 708 799 praesertim
723 714 809 778 hanc
821 713 1052 780 caeremoniam
1067 713 1306 796 reservaverint,

169 850 208 890 ex
231 825 375 911 pluribus
390 826 522 894 Patrum
544 835 633 912 patet
653 826 744 892 locis.
777 827 937 914 Sulpicius
951 826 1082 892 Severus
1104 826 1137 888 in
1160 825 1252 910 epist.
1263 825 1307 890 ΙΙ.

169 937 210 1001 ad
243 935 413 1004 Claudiam
446 960 587 1015 sororem
621 938 727 1024 (Tom.
753 939 779 1003 I.
813 937 953 1004 Miscell.
987 937 1113 1002 Baluzii
1140 960 1213 1024 pag.
1234 939 1307 1003 335.

168 1049 299 1116 Parisiis
324 1051 423 1136 1677)
458 1050 583 1114 scribit:
629 1051 758 1133 „Quum
796 1050 944 1116 universa
980 1050 1074 1116 turba
1110 1049 1307 1116 credentium

169 1161 257 1246 paria
280 1159 365 1225 dona
387 1161 507 1247 gratiae
530 1162 687 1248 percipiat
709 1173 740 1227 et
762 1161 877 1242 iisdem
901 1185 1011 1228 omnes
1039 1171 1309 1228 sacramentorum

168 1273 443 1338 benedictionibus
467 1273 656 1358 glorientur,
680 1273 760 1338 istae
775 1276 939 1360 proprium
955 1273 1077 1359 aliquid
1093 1297 1169 1360 prae
1184 1274 1308 1356 ceteris,

169 1385 246 1448 dum
280 1384 320 1449 de
351 1385 406 1451 illo
440 1395 550 1450 sancto
583 1395 614 1450 et
645 1385 848 1450 immaculato
882 1385 1035 1452 ecclesiae
1066 1409 1178 1473 grege,
1217 1385 1310 1470 quasi

170 1497 344 1564 sanctiores
372 1497 580 1583 purioresque
610 1497 734 1563 hostiae
760 1521 819 1584 pro
846 1498 1018 1564 voluntatis
1042 1499 1124 1564 'suae
1147 1498 1268 1567 maritis
1291 1521 1310 1562 a

169 1611 289 1678 Sancto
304 1609 426 1696 Spirito
448 1609 609 1696 eliguntur
631 1620 663 1674 et
685 1634 743 1696 per
764 1635 915 1676 sommant
938 1609 1137 1676 sacerdotem
1152 1609 1216 1675 Dei
1232 1610 1309 1675 offe-

168 1721 444 1788 1'unturaltaria.“
490 1721 526 1788 Si
549 1745 626 1808 crgo
648 1722 736 1787 Zeno
759 1721 814 1787 ille
842 1721 1009 1809 presbyter
1035 1732 1157 1788 tantum
1185 1723 1308 1806 fuisset,

169 1846 254 1902 certe
280 1833 315 1899 id
341 1834 533 1900 Ambrosius
561 1833 711 1918 dixisset,
744 1835 820 1919 quia
850 1857 901 1899 res
935 1835 1028 1920 plane
1060 1833 1311 1900 extraordinaria

169 1957 263 2012 esset.
307 1947 384 2030 Ipsa
406 1958 511 2012 autem
533 1945 631 2012 verba
652 1945 832 2012 Ambrosii:
860 1947 1019 2028 „Zenonis
1043 1956 1170 2014 sanotae
1188 1971 1309 2014 memo·

170 2060 234 2124 riae
249 2060 378 2146 judicio
400 2058 586 2142 probatam“
609 2058 809 2142 apertissime
832 2056 958 2142 docent,
981 2059 1021 2124 ab
1044 2060 1218 2125 Ambrosio
1242 2061 1309 2146 epi-

170 2195 304 2257 scopum
320 2170 440 2255 signari
455 2170 631 2253 Zenonem,
655 2193 728 2234 uam
745 2171 777 2235 in
792 2169 887 2236 rebus
910 2171 991 2236 tanti
1013 2173 1175 2255 momenti,
1199 2170 1310 2255 quanti

169 2285 330 2370 virginum
360 2281 507 2370 probatio
538 2292 593 2348 aut
624 2283 807 2369 reprobatio
841 2283 1032 2366 habebatur,
1065 2282 1138 2348 soli·
1157 2283 1310 2370 episcopo

166 2404 220 2483 jus
238 2397 354 2484 judicii
376 2394 591 2482 competebat,
615 2418 679 2480 qua
700 2397 737 2458 in*
756 2419 790 2460 re
805 2394 1015 2482 Presbyteros
1039 2396 1144 2462 socios
1168 2396 1230 2461 sibi
1253 2395 1310 2462 ad-

167 2514 301 2594 jungere
327 2507 433 2590 potuit
459 2507 643 2592 episcopus,
670 2507 726 2570 uni
753 2515 859 2570 autem
881 2507 1074 2592 Presbytero
1096 2507 1203 2572 nullus
1226 2515 1311 2572 certe

171 2597 278 2684 tamen
308 2618 440 2682 antistes
471 2640 565 2682 omne
597 2615 756 2702 judicium
794 2617 1015 2682 commisisset.
1070 2618 1169 2700 Quod
1205 2627 1310 2683 autem

172 2732 298 2816 Siagrio
320 2730 399 2795 vitio
421 2729 568 2811 vertitur,
603 2727 690 2812 quod
713 2727 775 2793 sibi
798 2728 859 2794 soli
882 2728 1093 2814 judicandum
1120 2753 1190 2796 esse
1218 2741 1309 2817 puta·

171 2844 252 2909 verit
273 2843 429 2928 virginem
452 2841 554 2923 illam,
578 2840 620 2906 ad
641 2840 675 2905 id
697 2842 807 2905 referri
830 2840 939 2924 debet,
963 2841 1050 2926 quod
1075 2843 1163 2925 „sine
1182 2853 1311 2909 auctore

171 2955 414 3037 criminationis,
448 2954 516 3019 sine
547 2963 747 3036 accusatore,
782 2954 850 3019 sine
876 2955 1057 3039 professore
1085 2953 1253 3022 delationis
1277 2957 1310 3020 in

173 3069 348 3155 periculum
370 3077 475 3132 reatus
499 3064 741 3133 deducendum“
766 3065 935 3131 arbitratus
950 3067 1005 3151 ¹sit
1031 3066 1197 3131 Indiciam.
1242 3069 1306 3132 Bo-

172 3181 303 3245 nachius
331 3179 373 3244 ad
399 3179 568 3264 episcopos
595 3176 629 3242 id
655 3179 771 3242 referre
797 3177 881 3259 vult,
916 3200 980 3260 qua
1007 3178 1038 3240 in
1065 3202 1098 3242 re
1125 3180 1154 3243 ei
1177 3179 1311 3244 libenter

172 3289 375 3371 assentimur,
398 3289 461 3353 hoc
483 3298 589 3354 tamen
612 3271 796 3354 discrimine
819 3289 1022 3374 interposit0,
1046 3289 1134 3374 quod
1156 3291 1310 3356 rationem

172 3404 211 3468 ab
235 3427 272 3467 ec
294 3401 452 3488 prolatam
474 3401 704 3484 improbamus3
742 3409 981 3486 argumentatur
1015 3402 1099 3466 enim
1126 3403 1310 3466 Bonaclrius

173 3517 268 3580 verba
290 3514 345 3578 illa
367 3512 532 3576 Ambrosii
554 3515 622 3597 ejus
644 3513 689 3576 rei
712 3534 810 3576 causa
831 3510 871 3576 de
898 3511 1118 3580 sacerdotibus
1145 3537 1210 3578 non
1238 3537 1309 3580 esse

174 3624 399 3712 intellegenda,
438 3623 514 3708 quia
543 3623 577 3686 bi
611 3623 795 3710 „judicandi
825 3634 1014 3710 potestatem
1045 3646 1110 3688 non
1140 3624 1310 3708 habebant,

175 3759 256 3820 quae
289 3760 385 3823 penes
409 3736 571 3821 Siagrium
602 3744 669 3800 tota
694 3736 754 3800 tuit
780 3737 813 3800 in
841 3733 981 3819 dioecesi
1003 3735 1213 3800 Veronensi.“
1258 3736 1311 3799 Ex

175 3847 234 3912 bac
248 3849 403 3914 Bonachii
427 3847 584 3913 sententia
605 3858 706 3933 patet,
730 3871 818 3930 eum,
842 3847 1023 3932 amplexum
1049 3869 1118 3910 esse
1142 3846 1229 3909 illam
1252 3845 1309 3908 fal-

176 3983 243 4024 sam
266 3961 456 4048 opinionem,
480 3984 561 4045 quae
578 3959 695 4024 multos
711 3959 829 4024 invenit
850 3971 1034 4040 assertores,
1059 3981 1182 4040 nempe,
1206 3959 1311 4041 quarti

175 4073 294 4138 saeculi
317 4072 497 4138 sacerdotes
520 4060 564 4138 ad
585 4071 752 4138 consilium
775 4069 814 4132 ab
837 4070 1008 4156 Episcopis
1036 4094 1099 4134 non
1126 4070 1226 4135 fuisse
1252 4069 1310 4133 ad-

175 4186 301 4250 missos.
355 4184 428 4248 Hoc
465 4185 559 4248 etiam
596 4184 788 4250 Pcarsont'na
824 4182 857 4245 in
884 4181 981 4256 Vind.
1013 4182 1117 4266 lgnat.
1155 4192 1244 4266 parte
1266 4181 1311 4246 II.

175 4322 248 4384 pag.
263 4300 337 4364 428.
353 4320 404 4382 ap.
421 4292 617 4361 Cotelerium
640 4296 728 4384 (pag.
744 4283 809 4360 220
821 4318 869 4378 sq.
885 4293 935 4358 ed.
952 4290 1154 4382 Cantabrig.)
1177 4293 1310 4357 demon-
