3012 4936
737 289 776 352 43

188 470 347 514 cessorem
382 446 514 532 Siagrii,
551 447 772 514 refutationem
810 458 1067 533 argumentorum
1091 435 1258 512 ‘Bonachii
1294 449 1327 510 in

187 561 286 626 hacce
321 559 453 624 materia
485 559 729 647 subjungemus:
760 560 937 626 bisantem
959 559 1154 645 argumentis
1176 558 1327 644 explosis,

189 670 428 758 agnoscendum
450 671 531 754 erit,¹
546 673 734 737 sententiam
758 681 898 737 nostram
920 670 1012 736 unice
1034 693 1141 735 veram
1166 693 1245 736 esse.
1278 671 1327 734 Eo

189 784 292 870 magis
314 793 419 848 autern
442 794 591 868 putamus
611 781 777 849 ¹refellendi
803 782 917 870 dignas
934 805 1005 848 esse
1021 781 1178 848 Bonachii
1194 782 1326 846 alterca-

152 970 155 974 ,
189 897 302 978 tiones,
326 896 401 980 quia
416 896 449 960 in
464 895 503 960 iis
524 895 616 980 plura
638 894 731 981 plane
753 895 834 960 falsa
857 895 1066 960 continentur.
1099 893 1326 976 Quum'autcrn

190 1007 434 1073 Balleriniornm
470 1006 568 1072 editio
599 1030 663 1072 uno
696 1006 873 1092 eodemque
898 1008 969 1072 'fere
995 1016 1137 1093 tempore
1165 1029 1238 1071 cunr
1260 1006 1326 1070 Bo-

188 1119 294 1184 nachii
328 1117 553 1185 dissertatione
583 1120 686 1206 prima
718 1119 879 1206 apparuit,
917 1116 1058 1184 secunda
1094 1126 1200 1182 autem
1233 1117 1327 1203 hujus

188 1232 248 1295 viri
280 1230 478 1313 dissertatio,
513 1254 595 1314 quae
629 1230 798 1298 duodecim
819 1231 910 1296 annis
933 1230 1104 1296 subsecuta
1123 1238 1173 1294 est
1192 1229 1326 1294 Ballcri-

190 1343 316 1407 nicrum
352 1341 539 1425 editionem,
571 1368 591 1406 a
616 1344 741 1408 nemine
768 1353 877 1407 nostra
902 1343 1035 1408 scientia
1060 1352 1109 1407 est
1131 1343 1326 1428 impugnata,

188 1455 287 1520 immo
310 1459 385 1518 vero
408 1453 440 1517 in
467 1452 586 1517 honore
614 1453 928 1538 quodamhabetur,
957 1455 1032 1538 quia
1054 1464 1187 1538 utraque
1210 1453 1327 1518 disser-

189 1566 268 1631 tatio
289 1565 321 1628 in
346 1563 489 1644 editione
517 1587 697 1630 sermonum
721 1565 859 1630 Zenonis
884 1565 1075 1652 Augustana
1102 1574 1134 1629 et
1155 1563 1328 1629 Parisiensi

187 1668 307 1762 Mig'nii
329 1675 439 1740 locum·
459 1686 596 1762 occupat
617 1701 681 1741 una
703 1700 776 1741 cum
796 1677 1035 1760 Ballerinianis,
1057 1677 1186 1741 omnino
1208 1674 1326 1742 disser-

188 1788 325 1885 tationes
349 1787 521 1869 Bonaehii,
550 1789 723 1852 sententiae
747 1798 874 1853 nostrae
898 1789 992 1875 plane
1015 1788 1231 1871 adversantem,
1254 1787 1327 1851 dili-

189 1901 325 1986 gentiori
348 1901 486 1966 examini
508 1900 723 1987 subjiciendas
746 1924 816 1968 esse
838 1911 997 1988 putamus
1162 1883 1165 1887 Ι

292 2013 376 2095 Rae,
405 2037 486 2097 quae
505 2014 704 2099 ,provocavit
724 2015 890 2080 Ambrosii
916 2014 1084 2100 epistolam
1104 2013 1145 2079 ad
1167 2013 1327 2100 Siagrium

188 2124 267 2190 haec
289 2125 361 2189 fuit:
395 2125 556 2210 Siagrius,
588 2126 771 2213 Episcopus
794 2126 990 2191 Veronensis
1012 2125 1168 2212 virginem
1191 2125 1326 2190 velatam

188 2236 323 2301 violatae
359 2237 532 2322 pudicitiae
568 2261 652 2303 ream
688 2237 851 2304 obstetriei
884 2236 1116 2324 inspiciendam
1143 2236 1327 2318 tradiderat,

189 2337 459 2416 ut⁸accusationis
479 2352 595 2416 veritas
618 2361 672 2416 aut
694 2352 817 2417 t'alsitas
841 2352 1103 2416 manifestaretur.
1146 2349 1220 2414 Hoc
1240 2346 1326 2434 judi-

190 2463 274 2526 cium
312 2462 504 2545 Ambrosius
539 2464 572 2526 in
605 2465 829 2549 episcoporum
867 2461 991 2550 synodo
1028 2462 1150 2548 rejecit,
1195 2483 1259 2544 qna
1295 2483 1328 2525 re

190 2571 410 2637 auctoritatem
435 2597 526 2638 suam
548 2575 666 2640 laesam
689 2599 760 2640 esse
783 2584 869 2638 ratus
893 2574 1038 2659 Siagrius
1056 2573 1103 2636 'ad
1119 2573 1328 2644 Ambrosium
1404 2611 1406 2615 ·

190 2683 325 2766 litteras,
347 2686 508 2769 querelam
532 2687 744 2768 continentes,
767 2685 904 2770 scripsit.
948 2684 1141 2748 Ambrosius
1164 2681 1329 2769 respondit

189 2800 217 2864 ei
240 2800 273 2862 in
297 2807 471 2862 memorata
493 2797 642 2882 epistola,
677 2797 848 2872 ostendens
875 2795 1031 2883 judicium
1063 2819 1155 2860 suurn
1180 2819 1326 2880 aequum,

189 2910 306 2996 Siagrii
329 2922 433 2976 autem
458 2911 738 2994 iniquumfuisse,
767 2932 954 2975 enumerans
979 2909 1118 2974 rationes
1139 2909 1264 2990 uarias,
1293 2917 1327 2971 ut

184 3027 237 3108 jus
260 3047 354 3088 suum
377 3022 618 3089 demonstraret.

290 3135 490 3218 Bonachius,
522 3139 613 3223 cujus
637 3159 687 3201 res
711 3135 743 3199 in
764 3136 936 3200 maximum
971 3133 1148 3219 perieulum
1174 3143 1205 3198 et
1228 3155 1327 3219 paene

189 3245 220 3308 in
252 3243 423 3341 discrimen
454 3246 594 3312 adducta
626 3248 735 3330 fuerit,
770 3248 799 3312 si
828 3247 890 3312 hoe
916 3247 1081 3311 Ambrosii
1111 3246 1328 3312 testimonium

188 3379 251 3421 non
275 3357 482 3442 frangeretur,
506 3381 632 3423 omnem
656 3381 764 3424 curam
786 3368 881 3443 atque
904 3383 1033 3446 operam
1054 3356 1142 3424 dedit
1159 3380 1327 3444 argumen-

190 3469 314 3552 tationi,
347 3469 508 3533 Zenonem
535 3471 567 3534 in
595 3461 730 3556 epistolai
761 3471 802 3536 ad
826 3471 987 3558 siagrium
1019 3471 1231 3551 nominatum,
1264 3491 1327 3532 non

179 3583 286 3648 ‘tuisse
323 3582 510 3667 episcopum
544 3582 772 3669 Veronensem.
825 3583 901 3649 Jam
941 3586 973 3649 in
1009 3583 1231 3648 dissertatione
1270 3603 1328 3644 sua

190 3694 291 3778 prima
307 3693 368 3780 ⁴⁶),
405 3693 620 3758 dubitationes
654 3718 728 3761 suas
754 3696 898 3780 protulit:
935 3697 987 3760 De
1011 3694 1166 3781 dignitate
1182 3678 1326 3760 'zenonis

190 3807 317 3871 omnino
352 3807 445 3872 silere
468 3807 690 3885 Ambrosium3
729 3807 887 3873 Indiciam
921 3809 1025 3894 ipsam
1052 3807 1208 3894 virginem
1239 3807 1341 3899 illam

189 3928 369 3983 accusatam
395 3943 459 3984 non
475 3919 585 3984 ‚fuisse
604 3918 838 4004 Veronensem,
873 3921 949 4004 quia
982 3921 1072 3985 aliter
1106 3921 1229 3985 crimini
1263 3943 1327 3985 non

189 4027 331 4094 dedisset
361 4031 555 4097 Ambrosius
578 4031 717 4118 Sia-grin:
755 4029 951 4114 ¹„Judieium
966 4033 1025 4098 tibi
1041 4033 1102 4098 soli
1115 4032 1325 4119 judicandam

195 4195 399 4206 ιω*-

260 4288 292 4356 ⁴⁶)
311 4287 370 4342 Lib.
389 4289 409 4343 1.
428 4306 486 4359 cap.
505 4289 552 4344 XI.
571 4290 607 4348 de
624 4291 799 4348 sermonibus
817 4296 845 4348 et
862 4291 991 4364 Martyrio
1010 4293 1039 4349 S.
1059 4293 1175 4350 Zenonis
1193 4293 1243 4364 Ep.
1262 4295 1325 4349 Ver.

188 4383 296 4438 Pistorii
316 4383 390 4437 1740.
703 4429 707 4434 .
1285 4403 1291 4411 ·
