3012 4936
715 240 753 306 bb

148 421 243 464 aevo
254 397 400 484 ipsisque
409 393 615 466 Christianae
625 398 702 465 fidei
716 391 918 466 incunabulis
933 410 1112 484 accersunt,
1127 400 1306 488 seriemque

154 511 391 598 episcoporum
428 509 595 576 mirificam
611 546 615 570 ι
632 523 664 576 et
696 511 913 596 incorruptam
950 512 1091 599 perbelle
1127 512 1306 596 aedificant,

156 645 264 708 quam
290 620 446 708 plurimae
472 632 578 691 tamen
610 623 710 690 fuisse
743 645 789 690 err
814 625 865 690 bis
885 624 1098 710 civitatibus,
1130 625 1163 689 in
1189 625 1306 710 quibus

158 742 240 800 aute
262 731 425 812 saeculum
447 735 575 800 tertium
599 735 742 822 episcopi
764 751 880 802 numen
902 760 961 802 neo
979 737 1031 802 ‘sit
1056 737 1222 802 auditum“
1247 745 1306 803 etc.

157 845 207 913 Id
228 869 306 933 ergo
328 846 426 914 etiam
447 847 596 914 Veronae
617 850 737 914 factum
760 872 832 924 esse
854 847 947 931 dicit,
975 849 1052 934 quia
1078 850 1166 916 nulla
1192 873 1305 914 monu-

57 1007 61 1012 ·
161 968 274 1026 mente
295 958 447 1048 (excepto
469 958 526 1026 illo
548 959 696 1046 Ughelli,
725 959 813 1045 quod
836 970 885 1028 est
906 961 1174 1049 infirmissimum)
1202 961 1308 1056 afferri

160 1071 300 1158 possint.
355 1070 533 1139 Maximam
557 1081 662 1140 autem
689 1073 786 1140 habet
807 1073 1077 1158 probabilitatem,
1109 1075 1308 1164 Euprepium

161 1182 273 1250 medio
296 1181 390 1250 tertio
413 1183 542 1250 saeculo
563 1184 693 1266 uixisse.
714 1223 757 1234 -
799 1185 946 1272 Quartus
964 1185 1135 1273 episcopus
1150 1187 1307 1252 Proculus

161 1297 295 1362 ineunte
331 1303 446 1380 quarto
483 1295 612 1360 saeculo
649 1297 744 1361 vixit:
789 1296 850 1367 hoa
892 1307 999 1364 autem
1043 1307 1200 1365 testantur
1235 1307 1308 1364 acta

164 1408 227 1476 SS.
242 1406 347 1472 Firmi
367 1415 399 1472 et
412 1405 539 1474 Rustici
556 1397 823 1494 B'ergameusium
846 1407 933 1495 apud
947 1412 1163 1476 anbritium
1178 1409 1270 1475 Tom.
1280 1410 1306 1473 Ι.

166 1543 241 1607 pag.
257 1520 332 1601 283,
355 1517 411 1602 qui
433 1518 493 1584 sub
516 1519 900 1588 Maximiano'Heruuleo
923 1545 950 1586 a.
963 1523 1028 1590 304
1051 1545 1201 1588 coronam
1225 1545 1307 1612 rner-

166 1641 275 1720 tyrum
298 1640 490 1698 meruerunt.
604 1675 607 1682 .

269 1743 308 1808 In
330 1741 381 1810 his
404 1751 510 1808 autem
537 1741 618 1815 actis
646 1740 797 1828 legimus:
843 1743 1009 1825 „Audiens
1036 1745 1116 1812 haec
1144 1745 1309 1832 (videlicet

166 1869 356 1944 praeconem
374 1857 469 1940 jussu
481 1853 614 1920 Auolini
638 1851 680 1918 ad
702 1856 921 1940 spectaculum
939 1861 1134 1944 convocare)
1160 1859 1306 1924 beatissi-

166 1991 239 2034 mus
266 1964 417 2034 sacerdos
439 1965 573 2031 Domim
595 1965 752 2054 Proculus
774 1967 972 2056 Episcopus,
1000 1970 1057 2055 qui
1083 1979 1214 2058 propter
1241 1979 1307 2036 rire-

166 2090 235 2146 tum
252 2087 467 2165 paganorum
498 2099 571 2143 oum
601 2078 713 2164 paucis
737 2075 930 2146 Christianis¹
962 2105 1026 2147 non
1047 2081 1143 2170 lunge
1165 2105 1185 2170 a
1208 2061 1306 2148 muris

166 2191 306 2260 civitatis
329 2189 366 2256 in
385 2190 578 2266 monasterio
600 2212 659 2256 suo
685 2189 832 2257 latitabat
864 2193 948 2278 (scil.
971 2194 1134 2273 Veronae,
1166 2195 1242 2278 quia
1263 2194 1308 2260 ibi

164 2306 329 2394 Martyres
352 2302 518 2370 memorati
540 2302 628 2390 passi
650 2307 754 2392 sunt),
779 2329 819 2370 ex
841 2304 929 2389 quod
943 2305 1104 2380 Auolimis
1126 2303 1309 2380 advenisset

167 2427 199 2484 et
220 2415 309 2502 quud
329 2416 465 2490 Sanctae
481 2414 616 2480 Domini
639 2416 843 2502 cognovisset
865 2416 1058 2499 audiendum
1081 2417 1193 2485 eadem
1215 2427 1308 2484 nocte

168 2529 202 2594 in
224 2527 366 2592 oratione
388 2525 599 2613 pervigilans,
622 2525 797 2612 deprecans
820 2525 1013 2612 Dominum,
1038 2539 1077 2594 ut
1097 2537 1255 2595 mereatur
1276 2529 1309 2593 in

169 2637 365 2706 consortium
387 2637 570 2723 Martyrum
593 2638 765 2724 conjungi“
779 2647 849 2722 peto.
892 2639 1068 2718 Pauvinins
1084 2641 1158 2706 Lib.
1173 2641 1231 2706 IV.
1255 2661 1308 2726 op.

170 2752 223 2818 cit.
246 2774 315 2837 cap.
331 2750 373 2815 V.
396 2773 470 2837 pag.
489 2751 551 2816 107
574 2747 660 2814 idem
691 2759 781 2814 notat
810 2751 944 2833 factum,
979 2760 1070 2836 putet
1092 2762 1197 2818 tamen
1219 2752 1309 2817 Mar·

169 2874 257 2952 tyros
280 2863 378 2930 hosce
400 2862 485 2928 circa
507 2885 557 2928 au.
574 2860 687 2927 salutis
711 2861 966 2930 ducentesimum
988 2865 1175 2953 martyrium
1197 2887 1310 2951 passos

168 2999 254 3056 esser
286 2973 479 3042 recentiores
510 2983 617 3046 tamen
645 2977 766 3059 critici,
799 2977 985 3063 praesertim
1007 2977 1158 3064 Maffsjus
1181 2977 1214 3041 in
1236 2999 1309 3042 sua:

167 3089 283 3156 latoria
309 3088 516 3175 diplomatica
535 3087 599 3155 etc.
622 3087 698 3154 edit.
721 3089 774 3154 cit.
797 3113 871 3177 pag.
886 3093 950 3158 298
978 3087 1221 3171 demonstravit,
1249 3088 1308 3154 hos

168 3201 402 3287 Bergamenses
417 3202 562 3274 Firmino
585 3210 619 3266 et
634 3199 802 3268 Rusticum
825 3225 853 3266 a.
869 3201 934 3268 304
956 3193 1042 3267 diem
1064 3201 1183 3268 obiisse
1205 3209 1309 3273 eritre-¹

169 3333 255 3378 mem
272 3312 327 3397 ω).
354 3349 396 3360 -
439 3313 493 3379 De
524 3323 615 3380 sexto
648 3312 800 3400 episcopo
831 3313 959 3380 Lucillo
991 3315 1058 3381 sive
1089 3313 1192 3379 Lucio
1224 3311 1310 3397 apud

169 3427 204 3495 S.
226 3422 388 3490 Hssarium
418 3423 453 3488 in
483 3426 595 3510 fragm.
618 3424 663 3488 II.
686 3448 760 3511 pag.
779 3427 842 3492 632
865 3425 940 3492 edit.
963 3427 1132 3494 Maurinse
1162 3425 1310 3510 legimus,

170 3538 225 3604 ubi
258 3537 366 3624 posita
396 3544 472 3601 sunt
501 3535 631 3601 nomina
667 3538 900 3626 quinquaginta
935 3560 1050 3604 novem
1087 3537 1310 3622 episcoporum

165 3648 353 3736 'Synodioae
375 3645 589 3731 sardicensis,
613 3652 703 3735 cujus
726 3659 798 3714 acta
819 3649 862 3716 ad
882 3650 1008 3717 Julium
1031 3647 1220 3714 Pontificem
1236 3647 1310 3712 Ma-

172 3761 291 3826 ximum
315 3762 414 3830 missa
436 3768 525 3826 erant
547 3768 578 3824 et
600 3759 646 3824 ibi
668 3771 862 3830 memoratus
884 3771 933 3832 est
955 3761 1141 3858 uiuesimus:
1169 3758 1311 3842 „Lucius

242 4045 277 4115 ⁶²)
296 4046 420 4115 Compar.
442 4044 645 4104 Dissertations
667 4044 792 4110 Secunda
814 4061 895 4116 sopra
912 4045 939 4100 la
955 4044 1094 4100 existente
1111 4059 1127 4099 e
1144 4043 1259 4100 identita
1276 4043 1312 4100 de

173 4139 247 4194 Sacri
274 4139 349 4208 corpi
375 4139 417 4196 de'
442 4140 518 4196 Santi
541 4139 643 4195 Martiri
666 4139 763 4194 Fenuo
786 4156 801 4194 e
825 4140 938 4196 Rustico
960 4129 1116 4196 inVerona
1139 4143 1233 4196 contro
1257 4139 1312 4194 duo
1399 4133 1402 4139 ’

173 4233 303 4290 Scritture
326 4233 462 4304 publicata
479 4235 524 4290 dal
541 4236 576 4291 Μ.
594 4235 627 4290 R.
645 4236 676 4291 P.
694 4236 728 4290 D.
747 4235 871 4292 Gastsno
888 4234 992 4290 Morari
1009 4233 1189 4306 Bergamaaio
1202 4234 1312 4304 ‚elerico

171 4329 306 4401 Regelare
323 4327 445 4386 Teatiuo.
481 4329 513 4385 ln
530 4330 630 4387 Trcuto
651 4330 718 4388 1764
734 4331 777 4396 ad.
795 4330 944 4388 Lammeri.
1282 4339 1289 4357 “
