3012 4936
747 216 763 279 7

185 377 219 446 S,
240 377 275 444 J.
305 377 338 441 in
366 375 458 442 Actis
490 376 680 442 Sanctorum
712 374 850 460 Aprilis,
883 374 943 440 sub
975 372 1027 439 die
1060 372 1201 457 decimo,
1235 375 1322 462 apud

185 488 424 555 Tillemontium
446 487 480 551 in
502 511 553 574 op.
570 487 623 556 cit.
639 486 730 552 Tom.
742 487 802 552 IV.
825 495 883 552 art.
898 487 929 552 5.
951 509 1025 572 pag.
1040 487 1115 569 253,
1137 485 1178 551 de
1193 482 1335 553 Zenone·

185 603 343 688 Martyre,
377 599 433 685 qui
463 599 497 664 in
522 599 743 686 persecutione
765 598 861 664 Decii
886 598 919 662 in
940 597 1051 663 Africa
1073 598 1106 662 in
1127 597 1323 664 Mauritania
1374 631 1375 634 ¹

185 714 270 778 diem
298 712 378 778 obiit
404 721 595 794 extremum,
628 708 716 797 apud
737 709 976 776 Tillemoutium
1004 732 1133 796 quoque
1154 709 1246 781 Tom.
1261 712 1321 777 IV.

186 849 257 912 pag.
274 827 337 890 233
360 823 400 890 de
422 824 551 889 Zenone
573 823 727 891 Senatore
754 845 886 888 romano
912 831 1067 908 patreque
1089 821 1123 890 S.
1148 821 1322 908 Quantalii,

185 938 240 1021 qui
260 937 355 1002 tertio
378 936 506 1003 saeculo
527 935 671 1005 florebat.
709 933 808 1018 Quod
822 933 864 1000 ad
878 935 999 1022 stylum
1014 934 1126 1000 attinet
1141 957 1322 1002 sermonum

184 1051 336 1132 Zenonis,
370 1072 466 1134 quem
500 1048 634 1135 urgebat
660 1047 850 1132 Panvinius,
883 1071 923 1112 ex
954 1071 992 1114 eo
1026 1045 1157 1133 quidem
1184 1049 1323 1114 maxime

182 1160 437 1227 concludendum
460 1170 524 1243 est,
555 1160 730 1226 antistitem
752 1160 838 1226 hunc
860 1183 924 1225 non
948 1159 1123 1243 Graecum,
1152 1158 1210 1226 sed
1230 1161 1322 1226 Lati·

182 1298 258 1338 num
280 1273 379 1340 fuisse
394 1281 427 1337 et
440 1273 627 1336 Africanum
643 1271 882 1338 verisimillime.
907 1259 1111 1357 Quamquam
1127 1272 1212 1338 enim
1227 1274 1323 1338 etiam

183 1388 215 1450 in
243 1385 379 1470 Graecis
412 1382 622 1469 scriptoribus
648 1383 810 1448 Zenonem
844 1392 1005 1448 versatum
1037 1383 1151 1466 fuisse,
1183 1381 1322 1449 dubitari

183 1520 247 1562 non
268 1505 389 1583 potest,
420 1518 484 1560 non
507 1493 612 1560 estid
637 1504 745 1560 tamen
775 1492 1024 1581 impedimento,
1057 1494 1227 1580 quominus
1250 1519 1322 1561 eum

183 1610 286 1697 patria
307 1608 419 1674 Atiica
445 1617 550 1673 ortum
577 1629 647 1673 esse
674 1616 837 1693 putemus3
869 1628 933 1672 una
963 1606 1048 1672 enim
1075 1630 1116 1672 ex
1140 1616 1231 1693 parte
1258 1607 1322 1674 ele·

182 1722 291 1808 gantia
316 1721 445 1808 linguae
472 1728 504 1785 et
530 1727 643 1784 cursus
670 1718 799 1784 dicendi
826 1717 1039 1801 demonstrat,
1071 1742 1143 1784 eum
1166 1741 1185 1782 a
1205 1719 1322 1786 teneris

182 1833 364 1921 unguiculis
386 1831 420 1897 in
441 1830 542 1896 literis
565 1830 690 1898 Latinis
714 1831 813 1917 probe
836 1829 996 1896 eruditum
1017 1830 1131 1913 fuisse,
1162 1831 1262 1896 altera
1283 1856 1324 1897 ex

183 1957 271 2033 parte
295 1969 335 2012 ex
358 1943 486 2030 scriptis
508 1945 577 2030 ejus
600 1952 742 2030 apparet,
765 1942 953 2029 praesertim
969 1966 1041 2008 eum
1056 1943 1227 2010 Africanos
1243 1944 1323 2008 seri-

184 2070 291 2145 ptores
313 2056 447 2144 legisse,
469 2063 506 2120 ut
527 2078 576 2125 ex.
599 2077 647 2142 gr.
669 2054 882 2142 Appulejum,
906 2053 1151 2139 Tertullianum,
1185 2051 1322 2142 Cypria·

183 2196 275 2255 num,
306 2167 511 2238 Lactantium
542 2177 575 2234 et
605 2167 686 2234 alios
718 2176 750 2232 et
781 2190 819 2232 eo
846 2165 943 2233 modo
971 2166 1152 2232 excoluisse
1178 2167 1323 2232 Africani

181 2276 353 2343 locutionis
375 2300 495 2365 genus,
521 2303 620 2366 quare
641 2279 674 2344 in
697 2286 765 2365 ejus
787 2279 976 2345 tractatibus
999 2287 1133 2365 apparet
1153 2279 1236 2344 iuter
1258 2278 1322 2344 ele-

182 2389 323 2473 gantiam
354 2389 545 2477 facilemque
571 2414 700 2458 cursum
728 2391 910 2477 scriptionis
943 2389 1066 2476 aliquid
1091 2390 1265 2477 impetuosi
1292 2400 1324 2456 et

182 2500 397 2586 vehementis,
430 2502 520 2588 quod
548 2503 669 2568 nationi
701 2503 892 2568 conveniens
926 2502 1067 2567 omnium
1094 2501 1321 2566 Africanorum

183 2611 376 2697 scriptorum
403 2613 553 2700 operibus
581 2613 742 2700 singulare
768 2611 932 2697 quoddam
958 2612 1090 2698 praebet
1122 2613 1250 2698 signum
1267 2613 1322 2698 99“).

184 2719 455 2791 Commemoratio
482 2733 646 2817 praeterea
661 2723 706 2818 ,8.
728 2722 862 2788 Arcadii
883 2723 1054 2810 Martyris,
1082 2723 1138 2808 qui
1165 2723 1198 2788 in
1225 2723 1322 2789 Mau·

181 2834 298 2900 ritania
318 2835 463 2925 martyrii
484 2835 625 2924 palmam
646 2835 823 2924 promeruit
845 2835 950 2924 (cujus
965 2855 1082 2899 nomen
1097 2835 1184 2923 apud
1199 2836 1322 2902 nullum

181 2945 278 3011 alium
301 2957 463 3016 auctorem
485 2947 654 3032 invenitur,
677 2971 775 3034 quare
797 2948 831 3012 in
853 2945 1001 3012 omnibus
1016 2946 1111 3012 Actis
1131 2946 1322 3015 Sanctorum

181 3061 321 3128 Zenonis
342 3070 467 3127 tantum
489 3083 594 3128 sermo
617 3061 830 3148 panegyricus
853 3058 886 3124 in
901 3057 1024 3124 huncce
1043 3067 1217 3147 martyrem
1232 3060 1323 3126 citari

183 3176 303 3260 potest)
330 3174 460 3240 innuere
481 3173 621 3256 videtur,
653 3171 814 3238 Zenonem
838 3156 1033 3257 singularem
1055 3157 1191 3237 fortasse
1213 3181 1321 3256 patro·

181 3307 257 3348 num
285 3284 346 3350 sibi
373 3285 587 3372 assumpsisse
610 3283 645 3354 S.
667 3282 859 3367 Arcadium,
892 3287 986 3370 cujas
1016 3283 1084 3348 vita
1108 3281 1165 3346 vix
1193 3282 1321 3348 aliunde

181 3397 276 3462 fuerit
298 3398 428 3484 cognita
449 3395 526 3463 dum
549 3397 666 3463 caeteri
688 3396 859 3481 scriptores
882 3403 914 3460 et
935 3403 1008 3460 acta
1022 3395 1205 3481 Martyrum
1221 3394 1321 3459 altum

181 3507 289 3590 silent,
323 3507 386 3572 nisi
416 3507 486 3594 ipse
519 3505 692 3593 aliquando
724 3506 757 3569 in
788 3505 890 3591 patria
921 3504 1017 3591 hujus
1050 3503 1161 3571 Sancti
1188 3505 1209 3569 i.
1232 3528 1259 3574 e.
1287 3505 1321 3568 in

181 3620 293 3684 Africa
317 3619 461 3688 vixisset.
489 3659 530 3668 —
575 3620 627 3684 De
654 3618 758 3705 prima
782 3617 884 3682 nostri
911 3614 1022 3682 Sancti
1044 3619 1212 3702 juveutute
1239 3615 1318 3681 nihil

181 3728 266 3814 apud
288 3753 398 3796 omnes
420 3730 605 3813 historicos,
628 3730 684 3814 qai
706 3729 747 3794 de
769 3729 898 3794 Zenone
921 3727 1136 3813 scripserunt,
1168 3726 1321 3810 iuvenies,

182 3863 219 3903 ea
247 3851 372 3926 tamen,
403 3864 485 3927 quae
512 3841 684 3908 Coronatus
715 3842 871 3906 Notarius
887 3839 933 3924 ⁹³)
964 3839 998 3903 in
1023 3838 1091 3904 vita
1117 3841 1185 3926 ejus
1212 3835 1321 3922 tradit,

198 4116 207 4132 '
251 4117 284 4186 ²¹)
303 4113 343 4170 Cf.
361 4114 524 4190 Josepanm
541 4113 664 4172 Feraler.
690 4112 880 4170 Institutioues
897 4114 1072 4184 Patrologiao
1090 4117 1142 4168 cet.
1169 4111 1322 4182 Oenipunte

180 4212 256 4268 1850.
273 4210 384 4264 Tomi
402 4213 427 4267 5.
445 4212 487 4290 32.
505 4210 532 4266 b.
551 4227 614 4280 pag.
626 4209 669 4265 93.

249 4305 283 4374 ²³)
301 4303 333 4358 Iu
350 4303 395 4358 cit.
413 4304 478 4359 edit.
496 4304 655 4362 Sermonum
672 4303 790 4360 Zenonis
807 4302 877 4358 inter
894 4304 1068 4358 monumenta
1085 4315 1149 4370 pag.
1162 4299 1222 4357 147.
