3012 4936
765 263 806 328 82

214 425 248 490 in
271 423 578 510 comparationibus,
612 423 744 490 floribus
776 433 806 486 et
835 421 964 490 corollis
991 421 1088 490 animi
1111 443 1223 488 sensus
1247 423 1355 510 expri-

215 561 301 604 mere
323 536 420 620 solet,
443 558 670 621 nonnunquam
693 559 797 602 sermo
820 538 888 622 ejus
912 534 1072 620 poeticum
1095 531 1259 618 quoddam
1283 559 1357 600 oum

211 649 347 738 juvenili
375 649 467 735 quasi
500 648 613 714 ardore
645 649 856 735 compositum
892 647 1041 712 continet.
1085 646 1125 710 In
1155 645 1357 714 brevioribus

215 772 321 829 tamen
353 760 553 828 sermonibus
584 760 741 844 quaedam
775 759 970 846 negligentia
1003 759 1177 844 conspicua
1210 769 1273 837 est3
1307 761 1356 826 his

215 873 365 940 brevibus
389 873 612 956 oratiunculis,
635 896 717 958 quae
740 873 846 959 potius
870 873 1047 956 fragmenta
1069 881 1143 935 sunt
1162 893 1355 955 sermonum,

215 987 329 1052 rdtima
351 1007 462 1050 manus
491 984 720 1049 verisimillime
751 983 893 1050 nondum
926 993 994 1048 erat
1024 983 1185 1070 apposita3
1219 984 1253 1048 in
1275 985 1354 1051 hanc

216 1083 519 1184 autem'opinionem
542 1097 620 1162 haec
642 1098 827 1182 praesertim
852 1095 976 1161 inducit
998 1096 1244 1179 circumstantia,
1267 1097 1351 1180 quod

216 1209 250 1274 in
276 1208 425 1275 omnibus
456 1208 656 1295 longioribus
688 1208 888 1274 sermonibus
912 1216 1044 1293 argutus
1067 1217 1216 1292 artusque
1237 1218 1266 1272 et
1286 1209 1344 1272 cir·

217 1321 431 1407 cumscriptus
453 1321 622 1386 verborum
645 1322 784 1387 ambitus
806 1331 838 1386 et
860 1319 960 1406 quasi
973 1319 1111 1384 rotunda
1126 1319 1346 1406 perspicuaest

217 1433 424 1514 constructio,
448 1443 483 1498 ut
505 1431 602 1498 verba
625 1433 793 1520 magnifice
817 1432 933 1499 cadant
954 1443 986 1496 et
1007 1432 1185 1514 volvantur,
1212 1440 1364 1496 necnon

218 1569 343 1612 summa
359 1529 517 1631 elegantia
532 1555 563 1610 et
577 1544 730 1630 loquendi
752 1545 948 1611 concinnitas
967 1544 1124 1610 inhaeret:
1141 1567 1239 1629 quare
1256 1566 1296 1609 ex
1307 1542 1354 1608 bis

216 1656 416 1723 brevissimis
440 1657 639 1723 sermonibus
663 1681 726 1722 non
749 1657 919 1722 elaboratis
943 1667 998 1721 ant
1024 1656 1192 1739 truncatis,
1228 1655 1357 1720 minime

216 1778 283 1832 tam
307 1767 511 1834 adumbratas
535 1769 702 1854 concipere
729 1768 954 1853 intelligentias
981 1769 1087 1834 animo
1109 1778 1279 1854 menteque
1304 1767 1357 1834 de-

217 1879 363 1946 buissent
384 1877 431 1942 illi
454 1881 641 1966 scriptores,
673 1880 729 1964 qui
751 1879 939 1944 Bellarmini
967 1890 1086 1947 stantes
1110 1905 1258 1963 censura,
1293 1891 1359 1946 tam

216 1989 420 2056 insommoda
454 1989 493 2056 de
525 1991 726 2056 sermonibus
757 1990 949 2068 Zenonianie
982 1994 1123 2060 tulerunt
1151 1992 1290 2082 judicia,
1329 2003 1360 2058 ut

217 2101 367 2186 Rivetus·,
402 2099 512 2170 Cocus
538 2115 571 2169 et
597 2103 652 2168 alii
687 2104 830 2191 ejusdem
864 2106 983 2172 farinae
1017 2109 1205 2194 scriptores,
1238 2107 1293 2192 qui
1330 2115 1362 2170 ut

218 2215 311 2282 nobis
333 2214 473 2298 videtur,
497 2225 553 2280 aut
574 2215 668 2299 plane
691 2219 811 2302 scripta
835 2221 935 2283 nostri
951 2221 1101 2285 antistitis
1116 2219 1281 2305 perlegere
1296 2242 1361 2283 non

204 2331 293 2392 'sunt
314 2325 451 2412 dignati,
467 2326 570 2390 talem
593 2327 625 2390 in
649 2327 845 2392 Bellarrnino
867 2328 1019 2396 habentes
1042 2332 1281 2413 auctoritatem,
1308 2331 1361 2416 qui

219 2460 257 2504 ea
278 2438 415 2505 obscura
437 2439 578 2522 vocavit,
602 2479 642 2488 -
666 2449 721 2505 aut
743 2442 880 2528 partium
904 2442 1011 2508 studio
1033 2442 1137 2526 ducti,
1164 2444 1253 2529 quod
1274 2469 1363 2510 senr-
1481 2441 1482 2446 ’

219 2575 275 2638 per
297 2551 498 2639 glaucomanr
522 2553 563 2620 ob
587 2554 698 2620 oculos
714 2555 811 2622 animi
827 2557 927 2643 ponit',
951 2568 1122 2640 auctorem,
1145 2561 1201 2640 qui
1216 2558 1364 2641 ipsorum

218 2664 422 2750 opinionibus
445 2665 575 2732 minime
595 2667 731 2751 favebat,
752 2669 928 2737 servientes
944 2693 1002 2736 suo
1017 2671 1141 2756 privato
1157 2667 1364 2754 compendio,
1480 2713 1481 2720 κ

218 2775 300 2840 inter
322 2779 449 2862 spurios
472 2787 504 2842 et
525 2777 674 2866 vulgares
696 2783 826 2869 rejicere
850 2783 1029 2849 studebant.
1122 2813 1127 2824 ·
1480 2757 1481 2784 i

613 3245 842 3382 orror
877 3246 967 3344 rv.

191 3445 408 3524 'VARIAE
427 3445 495 3520 DE
518 3443 721 3525 ZENONE
748 3449 982 3542 EJUSQUE
1009 3446 1361 3526 TRAOTATIBUS

448 3574 773 3655 SCRIPTORUM
802 3577 1132 3655 SENTENTIAE.

279 3761 283 3769 ¹
321 3778 461 3845 Prolatis
478 3803 516 3846 eo
531 3779 628 3846 modo
644 3781 684 3847 de
699 3781 829 3849 Zenone
851 3781 945 3848 etde
968 3785 1036 3869 ejus
1058 3781 1256 3866 tractatibus,
1280 3805 1361 3868 quae

220 3892 313 3958 nobis
335 3892 428 3958 unice
450 3916 526 3958 vera
548 3903 581 3958 et
601 3904 689 3960 recta
711 3918 781 3961 esse
803 3893 971 3977 videntur,
998 3893 1094 3958 liceat
1120 3895 1212 3960 nobis
1240 3896 1273 3960 in
1299 3894 1360 3960 hoo

221 4004 324 4091 capite
347 4004 480 4070 aliorum
504 4007 695 4093 scriptorum
719 4007 891 4074 sententias
914 4008 947 4070 in
970 4004 1110 4071 medium
1132 4008 1286 4092 proferre:
1313 4009 1359 4073 vi·

221 4107 368 4184 debimirs
391 4126 496 4183 autem
520 4142 559 4183 ex
582 4117 644 4185 hoc
667 4119 771 4206 capite
793 4143 888 4206 quam
904 4117 1048 4184 diversas
1064 4120 1223 4186 tenuerint
1238 4121 1359 4204 opinio-

219 4251 276 4296 nes
300 4230 402 4296 oritici
425 4240 457 4296 et
479 4239 598 4316 quanta
620 4255 693 4298 cum
715 4231 903 4298 difficultate
926 4233 1130 4317 conjunctum
1158 4231 1253 4296 fuerit
1280 4233 1360 4298 inter

222 4350 272 4406 tot
294 4341 417 4428 judicia
443 4345 528 4409 viam
555 4345 615 4410 sibi
643 4343 684 4410 ad
706 4344 871 4409 veritatem
893 4343 1027 4409 munire.
1050 4381 1090 4392 -
1135 4343 1277 4426 Primus,
1306 4343 1360 4430 qui
