3012 4936
766 209 806 274 32

217 377 254 432 ut
273 366 392 452 legitur
425 365 510 452 apud
538 368 679 432 Tacitum
699 367 815 432 Annal.
835 368 865 433 2.
883 369 916 432 5.
934 369 996 453 2.),
1025 369 1134 451 refert,
1164 381 1379 452 secesserat,

218 491 253 544 ut
283 479 373 544 Deus
403 477 588 564 disponeret
618 478 734 542 Filium
771 502 891 560 creare,
927 480 1047 566 quippe
1077 479 1132 564 qui
1161 504 1230 544 non
1267 493 1379 565 esset,

218 601 387 678 antequam
419 590 545 676 genitus
577 600 671 656 essct.
726 591 863 656 Videtur
892 591 990 656 etiarn
1018 613 1082 656 uon
1111 592 1204 678 plane
1240 594 1379 658 clarum

217 704 316 768 luisse
336 703 471 784 Zenoni,
499 701 661 786 quomodo
683 703 825 800 potuerit
844 703 943 768 Arius
963 702 1081 768 Filium
1102 703 1208 768 Deum
1234 729 1381 788 vocare,

217 837 316 899 quum
333 815 360 879 is
377 838 479 898 neque
495 813 768 894 coaeternitatem,
792 836 896 897 neque
915 815 1294 880 consubstantialitatem
1320 818 1382 880 ha-

220 927 323 992 buerit
338 950 410 990 cum
427 926 532 1008 Patre,
555 935 610 990 aut
630 925 742 1004 saltem
763 924 980 990 demonstrare
1001 926 1101 990 voluit
1119 927 1217 1010 Zeno,
1241 927 1382 992 Filium

222 1038 327 1102 Deum
349 1038 389 1100 ab
410 1038 490 1102 Ario
510 1036 573 1101 dici
598 1059 661 1100 non
687 1034 852 1117 debuisse,
879 1037 954 1120 quia
978 1037 1069 1102 aliter
1088 1038 1184 1102 Pater
1209 1039 1382 1125 injuriam

221 1159 396 1234 pateretur,
421 1149 477 1231 qui
497 1147 608 1212 eodem
632 1147 727 1212 modo
748 1171 786 1212 ao
805 1157 949 1212 creatura
972 1149 1169 1231 nominatus,
1192 1150 1227 1214 in
1249 1151 1382 1216 eadem

222 1261 317 1324 etiam
340 1259 425 1324 linea
448 1281 521 1324 cum
546 1283 583 1324 ea
607 1271 785 1346 poneretur.
822 1259 962 1325 Dicebat
985 1259 1115 1346 quidem
1139 1261 1239 1327 An‘us
1268 1263 1382 1330 Chri-

223 1382 307 1438 stum
329 1373 444 1458 νιλνίργν
465 1374 539 1439 θεόν
561 1370 662 1458 (apud
686 1372 840 1437 Athanas.
867 1369 907 1436 de
931 1372 1053 1459 Synod.
1080 1375 1145 1459 19.)
1176 1373 1234 1438 sed
1268 1383 1383 1452 θέσει,

221 1490 353 1568 μετοχῇ,
381 1485 483 1568 χάριτι
506 1484 715 1568 (Athanasius
738 1486 830 1570 epist.
860 1483 901 1548 de
930 1484 1080 1571 Dionysii
1111 1486 1272 1550 sententia
1299 1511 1380 1572 cap.

223 1595 358 1660 XXIII.
378 1595 469 1660 Turn.
490 1595 516 1660 I.
535 1618 608 1680 pag.
625 1598 688 1661 259
712 1595 762 1660 ed.
787 1595 952 1660 Benedici.
978 1593 1062 1659 idem
1086 1597 1119 1660 in
1146 1611 1224 1661 orat.
1251 1608 1379 1662 contra

221 1708 337 1772 Arium
372 1729 441 1789 cap.
472 1707 577 1771 Vni.
598 1709 691 1791 epist.
725 1705 765 1772 ad
794 1693 953 1791 'Episcop
993 1709 1134 1794 Aegypt.
1172 1718 1204 1772 et
1236 1709 1377 1797 Libyae

223 1842 291 1903 cap.
316 1817 423 1903 XIL).

326 1929 536 1994 Divinitatenr
557 1937 661 1994 autem
682 1932 750 2014 ejus
769 1928 815 1994 rei
835 1950 932 1994 causa
950 1928 1145 1994 attribuebat
1163 1929 1263 2014 Filio,
1289 1933 1378 2016 quia

223 2041 326 2108 Filius
356 2065 482 2125 semper
506 2041 624 2108 bouum
650 2040 692 2105 sit
715 2049 865 2124 operatus
895 2050 927 2105 et
956 2041 1109 2106 creaturis
1138 2043 1375 2108 tantummodo

224 2155 342 2220 bouum
373 2153 526 2238 largitus:
551 2176 628 2238 ergo
658 2153 833 2236 perfectum
864 2175 948 2236 esse,
981 2154 1014 2216 in
1039 2163 1192 2237 quantum
1219 2165 1373 2221 creatura
1439 2161 1445 2177 ¹

225 2265 363 2352 perfecta
379 2288 449 2330 esse
464 2264 577 2349 possit,
598 2264 727 2328 minime
746 2273 852 2330 tamen
872 2265 1098 2350 perfectionem
1114 2265 1188 2330 Filii
1204 2289 1364 2353 coaequa-

222 2378 287 2440 lem
317 2400 387 2440 esse
418 2385 581 2460 pateruae,
613 2375 671 2442 sed
699 2377 801 2440 multo
831 2376 1026 2460 inferiorem,
1056 2377 1174 2441 Filium
1198 2378 1264 2443 imo
1288 2401 1368 2445 vero

225 2514 260 2556 se
279 2489 385 2575 ipsum
405 2511 468 2552 non
490 2512 683 2575 cognoscere
703 2489 736 2554 in
756 2513 814 2555 sua
833 2489 1011 2556 substantia
1025 2490 1066 2577 *).
1093 2529 1133 2540 -
1183 2490 1235 2555 Ex
1255 2491 1369 2556 multis

294 2775 319 2845 l²)
339 2775 480 2830 Hilurica
502 2776 548 2829 lib.
567 2781 652 2829 contr.
671 2775 764 2828 Arian.
783 2779 810 2828 et
828 2776 946 2830 Auxent.
965 2777 1003 2828 ita
1021 2776 1147 2842 exprimit
1164 2773 1276 2826 eandem
1295 2788 1369 2825 rem:

228 2869 376 2938 „Tribuunt
394 2869 503 2923 Christo
521 2867 573 2919 Dei
591 2883 703 2935 nomen,
726 2865 859 2934 quiahoc
877 2873 905 2920 ct
923 2867 1079 2920 hominibus
1097 2868 1133 2918 sit
1150 2864 1286 2916 tributum.
1315 2863 1370 2915 Fa-

225 2967 315 3017 tentur
326 2963 378 3016 Dei
397 2960 580 3028 sastilium,
598 2959 663 3027 quia
681 2963 848 3012 sacramento
865 2957 993 3026 baptismi
1012 2972 1077 3009 vere
1090 2957 1141 3009 Dei
1154 2953 1238 3007 Filius
1256 2967 1368 3019 otioque

225 3052 370 3128 perficitur.
406 3057 479 3112 Ante
497 3059 619 3121 tempora
638 3057 666 3108 et
683 3053 791 3106 saecula
808 3046 983 3118 confitentur,
1005 3049 1080 3115 quod
1098 3049 1134 3102 de
1150 3043 1266 3114 Angelis
1283 3049 1367 3112 atque

225 3150 336 3206 diabolo
362 3154 404 3204 est
429 3167 484 3206 non
511 3147 673 3218 negandum.
710 3147 751 3202 Ita
772 3143 890 3199 Domino
913 3141 1021 3196 Christo
1048 3141 1107 3196 sula
1133 3140 1180 3195 illa
1205 3139 1367 3209 tribuuntur,

225 3261 294 3315 quac
313 3249 376 3298 sunt
387 3244 429 3298 vel
443 3244 610 3314 Angelorum
629 3240 738 3310 propria
754 3239 798 3292 vel
816 3239 916 3290 nostra.
952 3237 1077 3290 Ceterum
1096 3237 1170 3306 quud
1182 3236 1242 3290 Deo
1256 3233 1365 3307 Christo

225 3339 376 3409 legitimum
395 3343 422 3393 et
440 3354 533 3392 verum
552 3342 607 3405 est,
631 3313 753 3388 Christus
770 3333 846 3387 Deus
863 3346 955 3400 seme,
979 3330 1008 3384 id
1027 3336 1081 3401 081,
1104 3331 1199 3385 eadem
1217 3345 1277 3383 esse
1295 3327 1365 3396 Filii,

226 3451 295 3504 quae
313 3433 401 3488 Patris
419 3427 548 3486 divinitas
566 3431 723 3497 denegatur.
758 3427 794 3481 Et
815 3425 895 3497 hujus
917 3424 1026 3496 quidem
1051 3440 1137 3494 usque
1161 3423 1250 3479 adbuc
1271 3422 1365 3491 impie-

112 3521 118 3537 *
227 3530 291 3582 tatis
310 3528 417 3582 occasio
435 3543 484 3596 per
501 3517 787 3591 fraudemperficitur.
814 3521 851 3576 Ut
858 3522 915 3591 jam
928 3519 979 3574 sub
992 3519 1161 3574 Antichristo
1179 3515 1366 3572 sacerdotibus

227 3623 327 3677 Christi
346 3621 462 3692 populus
480 3617 670 3688 nonoccidat,
689 3617 753 3670 dum
771 3615 823 3670 hoc
841 3620 938 3684 putant
955 3614 994 3668 illi
1011 3607 1076 3668 fidei
1094 3627 1169 3681 esse,
1197 3612 1271 3680 quod
1289 3610 1366 3665 vocis

227 3722 276 3772 est.
312 3716 436 3778 Audiunt
452 3717 539 3768 Deum
558 3711 707 3780 Christum,
729 3714 827 3779 putant
850 3725 926 3779 esse,
948 3708 1023 3778 quod
1040 3707 1146 3765 dicitur.
1181 3707 1306 3779 Audiuut
1322 3705 1365 3758 Fi-

226 3811 291 3865 lium
310 3811 376 3880 Dei,
398 3814 495 3878 putant
517 3808 544 3862 in
562 3807 614 3874 Dei
636 3804 778 3860 nativitate
800 3805 889 3859 inesse
906 3803 959 3857 Dei
977 3801 1127 3856 veritatem.
1163 3802 1287 3856 Audiunt
1303 3803 1365 3854 ante

224 3911 362 3974 tempora,
380 3907 476 3972 putant
493 3903 521 3956 id
539 3901 611 3956 idem
629 3904 752 3968 tempora
769 3915 841 3969 0880,
860 3897 934 3969 quod
952 3911 1058 3964 semper
1075 3896 1141 3949 est.“
1182 3891 1366 3950 Athanasius

229 4004 322 4053 contra
339 3997 462 4050 Arianl.
481 3995 505 4049 6.
530 3991 564 4052 uic
581 3990 644 4066 ἄρα,
663 3993 757 4062 inquit,
776 3993 875 4058 καὶτῷ
891 3989 944 4058 υἱῷ
960 3989 974 4042 o‘
994 3987 1084 4057 πατήρ
1103 3985 1221 4058 αὸρατυς
1238 3985 1364 4058 ύπαρχει,

228 4095 272 4144 καὶ
290 4089 352 4143 οὔτε
369 4089 501 4154 γινώσκειν
517 4090 619 4146 τελείως
637 4089 680 4139 ναὶ
692 4083 808 4158 ἀκριβῶς
826 4081 972 4137 citnaram*
991 4081 1069 4146 λόγος
1081 4081 1129 4134 τόν
1143 4084 1245 4134 ἑαυτοῦ
1254 4083 1363 4148 πατέρα,

229 4183 297 4238 ἄλλα
315 4188 358 4237 καὶ
376 4184 391 4237 ri
409 4183 529 4249 ricalcasi
546 4185 590 4236 καὶ
609 4180 626 4235 ὅ
643 4187 747 4248 βλέπει,
767 4178 903 4243 ἀναλόγως
916 4183 977 4234 τοῖς
994 4177 1089 4238 ἰδίοις,
1106 4179 1226 4245 μέτροις,
1246 4165 1303 4226 aitis
1322 4173 1365 4222 καὶ

227 4285 329 4348 βλέπει,
349 4278 436 4352 ὥσπερ
453 4275 589 4348 8101νὶμοῖο
606 4275 763 4342 γινώσκομεν
780 4271 848 4326 natal
870 4270 919 4339 triv
940 4271 1016 4324 hd‘a'aa
1041 4270 1228 4331 δύναμιν
1247 4268 1291 4320 καὶ
1312 4264 1365 4334 γάρ
