3012 4936
763 234 803 300 lu

211 397 285 462 Lib.
298 397 342 460 ΙΙ.
361 395 401 460 de
418 396 644 482 consacrilegis
666 395 741 459 filiis
765 394 958 460 maeretricis
979 391 1121 460 haeresis
1143 393 1280 458 Arianae
1303 393 1359 458 lo-

211 509 333 594 quitur,
364 509 501 595 Cyrillus
525 508 557 570 in
579 507 715 570 Praefat.
739 505 892 570 Thesaur.
916 515 975 572 eto.
998 543 1039 554 -
1084 504 1242 570 Videmus
1265 504 1359 591 apud

212 620 425 686 Athanasium
448 619 587 683 Arianos
609 617 754 682 Judaeos
776 627 987 705 nunoupatos,
1009 617 1097 683 Zeno
1119 625 1226 682 autem
1240 616 1357 682 Lib.I.

212 733 317 798 Traot.
333 733 412 798 XV.
435 755 465 796 n.
485 733 513 795 1.
536 751 609 815 pag.
628 731 699 796 111.
723 751 778 796 eos
800 728 927 795 Judaeo
953 727 1126 796 deteriores
1149 725 1357 795 Christianos

211 867 281 910 esse
312 853 422 927 vocat,
455 841 600 908 similiter
622 851 718 926 atque
740 843 874 908 Procles
906 842 1077 928 episeopus
1100 839 1264 931 Constpl.,
1296 840 1357 923 qui

212 954 444 1040 blasphemiam
476 955 631 1021 Arianam
667 951 857 1020 Judaeismo
895 953 1207 1020 contumeliosiorem
1244 962 1355 1018 vocat:

214 1065 360 1132 similiter
394 1067 533 1154 Cyrillus
564 1065 701 1132 Libii.
730 1065 761 1131 in
783 1065 899 1132 Joann.
924 1075 985 1134 ete.
1039 1065 1164 1132 Vocem
1197 1065 1356 1147 ὁμοοόσιος

93 1209 98 1214 ·
211 1201 337 1266 semper
359 1177 447 1244 Zeno
470 1177 575 1246 verbis
601 1179 714 1262 ,unius
742 1177 959 1245 substantiae“
989 1177 1114 1261 reddit,
1149 1201 1211 1242 vox
1245 1187 1354 1244 autem

212 1287 533 1372 „consubstantialisl‘
558 1292 670 1358 nullibi
693 1289 780 1377 apud
802 1280 875 1356 eum
897 1291 1029 1378 legitur,
1053 1289 1110 1356 sed
1125 1289 1239 1356 eodem
1254 1289 1352 1355 modo

211 1427 308 1487 quam
340 1404 469 1487 plurimi
491 1404 603 1470 Patres
638 1405 744 1492 quarti
774 1404 893 1468 saeculi
920 1403 1085 1468 vertebant
1122 1395 1278 1482 ihooinror
1301 1426 1351 1466 ex.

211 1539 257 1600 gr.
294 1509 492 1582 Phoebados
524 1517 691 1603 Opusculo
723 1515 794 1580 adv.
827 1513 967 1580 Arianos
999 1513 1166 1601 (Galland.
1200 1514 1291 1578 Tom.
1307 1515 1351 1579 V.

210 1651 283 1714 pag.
300 1630 378 1715 257)
401 1629 445 1693 Π.
469 1629 509 1694 de
531 1621 611 1694 Fide
633 1625 757 1694 orthod.
779 1637 879 1692 contr.
894 1627 1005 1692 Arion.
1028 1635 1120 1691 tract.
1137 1652 1167 1692 n.
1182 1630 1210 1692 1.
1236 1628 1350 1709 „unius

211 1740 444 1824 substantiae“¹
462 1763 535 1805 cum
561 1740 671 1822 Patre,
713 1739 800 1824 quod
821 1739 940 1806 Graeci
975 1738 1086 1803 dic-unt
1116 1741 1287 1821 ipooioror3
1317 1737 1351 1802 id

212 1873 281 1936 cap.
297 1851 341 1914 Il.
368 1873 441 1936 pag.
457 1852 530 1916 258.
586 1853 718 1939 Lucifer
753 1851 886 1916 Colorit.
917 1851 950 1914 in
981 1851 1104 1916 libello:
1142 1851 1349 1916 Moriendum

211 1985 281 2027 esse
303 1985 362 2046 pro
384 1961 467 2026 Filio
490 1962 555 2026 Dei
576 1986 648 2049 pag.
665 1965 737 2029 245.
759 1987 790 2027 n.
806 1966 826 2029 6
842 1973 901 2028 ete.

313 2099 469 2165 Putamus
491 2125 531 2165 ex
553 2099 602 2166 his
629 2102 777 2167 omnibus
804 2102 903 2183 notis,
937 2125 1018 2185 quae
1048 2102 1080 2164 in
1107 2101 1348 2187 perstringendo

210 2234 315 2276 errore
344 2234 467 2295 eorum,
500 2214 555 2297 qui
593 2213 953 2296 consubstantialitatem
975 2203 1081 2277 Patris
1104 2223 1136 2277 et
1155 2211 1230 2276 Filii
1253 2237 1345 2299 nega·

211 2323 298 2403 bant,
315 2309 604 2407 deprehenduntur,
622 2326 698 2390 satis
712 2311 794 2390 clais
807 2325 940 2407 elucere,
956 2323 1114 2389 neminem
1130 2322 1238 2416 alium,
1253 2347 1346 2409 quam

208 2434 322 2500 Arium
345 2444 490 2500 nostrum
513 2437 546 2500 in
569 2447 673 2502 mente
697 2437 861 2516 habuisse3
884 2460 987 2532 neque
1011 2437 1181 2521 quisquam
1205 2437 1311 2501 omnia
1333 2459 1349 2499 a

208 2545 300 2612 nobis
324 2548 492 2632 explanata
513 2549 663 2635 epitheta,
688 2574 769 2635 quae
785 2573 901 2636 magna
917 2573 956 2615 ex
972 2559 1061 2634 parte
1076 2550 1109 2614 in
1124 2573 1187 2614 uno
1202 2557 1347 2629 tractatu,

209 2661 240 2724 in
265 2684 328 2724 uno
352 2654 529 2746 eodemque
560 2663 761 2750 paragrapho
796 2661 926 2748 quidem
958 2663 1174 2744 continentur,
1207 2685 1288 2745 quae
1311 2684 1348 2724 ex

209 2771 362 2846 amussim
386 2771 427 2838 ad
449 2774 588 2839 Arianos
612 2773 784 2858 quadrant,
813 2775 1003 2856 ouioumque
1027 2774 1151 2838 ‘haeresi
1173 2772 1347 2856 primorum

209 2884 305 2948 trium
328 2885 527 2950 saeculorum
550 2886 669 2970 apponi
699 2885 824 2984 poterit.
868 2869 982 2966 Itaipue
1009 2883 1150 2976 abunde,
1182 2891 1218 2944 ut
1245 2879 1346 2943 oredi-

209 3019 299 3078 mus,
323 2997 523 3064 satisfactum
546 3005 595 3062 est
616 2995 691 3060 huio
713 2996 773 3060 toti
795 2993 983 3079 quaestioni.

737 3283 766 3364 a.
785 3280 814 3342 a.

210 3412 421 3473 Testimonium
449 3413 480 3473 S.
499 3413 662 3482 Ambrosii,
693 3410 839 3488 Episcopi
864 3408 1098 3468 Mediolanensis
1124 3411 1159 3467 de
1182 3408 1214 3470 S.
1233 3410 1344 3468 Ζεποπε

207 3510 241 3568 ia
270 3510 437 3585 epistoluI.
472 3511 514 3566 ad
541 3507 710 3582 Siapriom,
747 3505 931 3581 Episcopum
965 3505 1156 3564 Veronensum
1190 3504 1345 3579 dilipeatu

272 3604 477 3677 maminotum
497 3622 531 3661 eo
544 3602 731 3678 praesertim,
751 3620 826 3676 qaae
842 3602 895 3658 Fr.
914 3599 1282 3659 Bonachiuscontradioit

685 3696 869 3772 refelluntur.

311 3859 420 3942 Quum
443 3867 568 3943 praeter
590 3866 776 3942 argumenta
798 3857 853 3920 illa
867 3857 991 3921 interna
1005 3877 1045 3919 ex
1061 3854 1140 3939 ipsis
1156 3853 1342 3919 Zenonianis

206 3972 394 4038 tractatibus
418 3978 560 4056 sumpta,
586 3969 802 4064 inveniuntur¹
817 3970 912 4034 etiam
933 3965 1116 4032 testimonia
1137 3976 1268 4031 externa
1289 3988 1342 4049 pro

206 4083 344 4150 Zenonis
367 4083 511 4170 epocha,
551 4083 637 4147 omni
676 4081 905 4148 elaborandum
932 4088 981 4146 est
1012 4077 1134 4162 studio,
1168 4088 1203 4144 ut
1238 4101 1342 4144 eorum

206 4197 440 4262 demonstretur
462 4196 643 4262 auctoritas.
664 4237 705 4266 -,
750 4195 893 4275 Primus,
921 4191 977 4275 qui
996 4187 1036 4258 de
1057 4176 1186 4257 Zenone
1211 4192 1340 4268 mentio-

205 4333 278 4375 nem
315 4310 391 4375 feoit
427 4317 475 4376 est
510 4308 544 4377 S.
567 4306 775 4388 Ambrosius,
819 4303 990 4390 episcopus
1022 4303 1274 4370 Mediolanensis
1314 4302 1341 4366 in
