3012 4936
750 225 790 287 26

204 381 357 444 lnmantia
376 379 518 464 undique
538 380 607 446 sola
625 381 699 446 fano
718 405 781 446 non
803 384 918 465 nostis,
944 405 1026 466 qnae
1047 382 1091 466 (si
1109 405 1185 447 vera
1209 379 1381 445 dicenda

203 493 292 578 sunt)
317 491 548 558 dissimulando
572 493 730 558 subtiliter
755 492 954 560 custoditis.“
999 492 1039 560 Id
1062 515 1190 578 quoque
1224 501 1378 556 tantum

203 613 316 686 ‹prarto
342 604 471 670 saeculo
494 603 615 670 dictum
642 627 712 670 esse
738 613 857 691 potest,
886 629 960 670 nam
989 603 1151 690 quomodo
1178 603 1271 668 talis
1309 627 1375 668 ex-

204 715 364 800 probratio
378 717 472 782 tertio
488 716 615 782 saeculo
630 717 764 802 proferri
779 718 927 800 potuerit,
948 717 1004 782 nbi
1019 717 1136 782 ethnici
1151 739 1191 781 ex
1209 713 1376 780 urbibus

202 825 244 890 ad
270 849 371 912 pagos
397 849 468 892 sese
492 827 736 910 transtulerunt,
766 850 864 912 quare
893 829 1010 916 pagani
1039 827 1079 893 ab
1109 827 1171 894 boc
1194 837 1374 913 tempore
1487 825 1488 828 ’

201 937 397 1003 vocabantur
415 938 469 1025 Η).

304 1049 368 1115 His
398 1051 594 1136 argumentis
623 1062 772 1146 quartum
805 1049 988 1118 addendum
1022 1061 1089 1134 est,
1124 1049 1213 1134 quod
1250 1050 1369 1114 multi

202 1158 407 1245 suppeditant
432 1162 496 1228 loci
522 1162 609 1249 apud
627 1164 803 1246 Zenonem,
830 1163 1013 1248 exquibus
1040 1162 1215 1228 clarissime
1243 1171 1367 1245 patet,

202 1270 363 1336 Zenonem
379 1283 451 1340 ante
466 1274 577 1340 oculos
591 1297 690 1361 opera
703 1274 862 1341 lactantii
878 1284 910 1340 et
923 1275 1041 1339 Hilarii
1060 1273 1219 1355 habuisse,
1240 1294 1365 1356 quare

201 1385 371 1454 nonnullae
386 1386 560 1452 sententiae
580 1397 612 1452 et
629 1397 715 1452 totae
735 1385 860 1470 periodi
878 1409 919 1452 ex
937 1386 987 1452 bis
1007 1384 1200 1466 sudoribus,
1226 1384 1363 1470 paucis

200 1505 324 1564 tanturn
343 1498 519 1564 immutatis
539 1498 572 1562 in
591 1497 782 1564 Zenonianis
806 1497 992 1564 tractatibus
1016 1496 1226 1562 inveniuntur.
1277 1496 1359 1560 Bo-

200 1608 344 1690 unehine,
369 1611 424 1693 qui
444 1609 478 1674 id
498 1633 614 1694 negare
633 1633 697 1674 non
720 1610 838 1695 potuit,
865 1606 1039 1690 contendit,
1066 1607 1174 1671 multis
1193 1607 1356 1692 prolatiS,

204 1741 286 1803 quae
307 1720 380 1784 sibi
396 1720 474 1785 satis
504 1721 595 1785 firme
614 1718 816 1786 demonstare
841 1719 1037 1802 viderentur,
1063 1717 1224 1784 Zenonem
1243 1718 1356 1784 tertio

200 1829 320 1895 vixisse
345 1829 487 1913 saeculo,
514 1829 755 1896 similitudinem
777 1831 1002 1896 nonnullorum
1020 1830 1163 1896 locorum
1182 1852 1221 1895 eo
1240 1829 1353 1894 modo

199 1950 321 2005 tantum
347 1942 516 2027 justificari
546 1965 656 2026 posse,
685 1941 774 2026 qnod
796 1965 861 2008 non
886 1943 974 2008 Zeno
999 1941 1058 2008 bos
1084 1951 1249 2022 auctores,
1280 1939 1351 2007 sed
1488 1913 1489 1990 l

200 2078 240 2118 ex
266 2053 425 2119 contrario
451 2055 473 2118 ii
499 2055 637 2120 auctoris
663 2054 825 2120 Zenonem
848 2055 1011 2142 legissent.
1036 2053 1130 2119 vHoc
1149 2062 1256 2118 tamen
1278 2053 1346 2117 mi-

199 2167 284 2232 nime
307 2165 540 2232 admittendum
565 2189 637 2232 esse
660 2175 818 2252 putamus.
848 2167 1022 2252 Fingentes
1042 2187 1110 2230 rem
1129 2185 1346 2246 censueram,

200 2278 405 2344 Lactantium
429 2287 463 2343 et
487 2278 648 2342 Hilarium
673 2287 739 2342 tarn
765 2287 912 2343 accurate
941 2286 974 2342 et
1002 2275 1173 2361 diligenter
1198 2276 1345 2340 Zenonis

198 2397 351 2454 tractans
381 2389 570 2476 perlegisse,
600 2389 688 2454 nullo
717 2388 815 2456 modo
843 2389 1021 2476 intelligere
1050 2388 1225 2476 possimus,
1255 2409 1342 2470 qnos

199 2500 294 2567 modo
309 2502 428 2568 factum
443 2502 499 2585 sit,
520 2512 557 2568 ut
569 2501 676 2568 nullus
692 2503 828 2588 scriptor
848 2502 1093 2584 ecclesiasticus,
1113 2523 1178 2566 non
1193 2499 1342 2566 dicamus

195 2618 262 2700 jam
291 2613 466 2700 Eusebius,
505 2615 563 2682 sed
592 2641 633 2682 ne
661 2615 880 2705 Hieronymus
915 2624 948 2681 et
977 2612 1166 2682 Gennadius
1196 2609 1339 2695 quidem,

199 2724 296 2788 ullam
316 2724 357 2790 de
376 2728 505 2794 Zenone
530 2729 663 2794 fecerint
687 2730 895 2811 mentionem,
922 2727 978 2811 qui
1003 2735 1089 2790 certe
1114 2745 1239 2788 summa
1264 2743 1338 2784 cnm

199 2834 364 2920 diligentia
379 2859 489 2902 omnes
505 2838 677 2923 scriptores
697 2838 932 2903 ecclesiasticos
947 2857 1141 2919 cognoscere
1156 2830 1337 2908 studebant,

199 2957 231 3010 et
248 2945 388 3030 perspici
410 2947 465 3010 vix
484 2947 597 3032 possit,
618 2946 780 3030 quomodo
799 2957 866 3010 tam
885 2944 1092 3028 diligentibus
1112 2936 1335 3004 collectoribus

198 3066 230 3122 et
254 3056 402 3122 omnibus
427 3057 610 3124 auctoribus
636 3056 767 3122 omnino
792 3055 834 3120 ad
860 3053 1019 3120 decimum
1045 3073 1149 3133 usque
1173 3047 1336 3114 saeculum

198 3169 250 3234 via
269 3167 311 3234 ad
330 3166 555 3254 cognoscenda
573 3167 712 3234 Zenonis
735 3190 833 3252 opera
857 3165 900 3230 sit
924 3161 1048 3245 clausa,
1075 3183 1148 3227 cnm
1167 3159 1336 3227 Lactantio

198 3292 230 3347 ct
248 3279 376 3344 Hilario
395 3281 490 3345 fuerit
507 3279 634 3364 aperta?
678 3279 766 3345 Zeno
792 3299 869 3362 ergo
894 3270 1079 3340 notissimos
1105 3273 1165 3340 bos
1191 3282 1336 3338 auctores

198 3393 407 3459 attentissime
431 3392 538 3477 legere
558 3390 672 3460 debuit
688 3399 719 3455 et
739 3413 780 3454 ex
797 3389 838 3454 iis
858 3385 993 3453 haurire.
1009 3425 1050 3436 -
1082 3384 1212 3468 Quanta
1230 3392 1335 3449 autem

197 3503 373 3598 similitudo
402 3503 576 3589 conspicua
603 3501 647 3568 sit
675 3502 757 3566 inter
784 3509 938 3566 tractatus
964 3497 1164 3564 Zenonianos
1190 3505 1228 3562 ‚et
1251 3493 1335 3558 Isac-

198 3617 289 3682 tantii
309 3625 341 3680 et
358 3614 477 3680 Hilarii
495 3636 607 3699 opera,
633 3637 674 3678 ex
699 3613 810 3700 paucis
833 3621 957 3678 tanturm
980 3611 1146 3677 videamus
1171 3606 1335 3694 exemplis.

197 3727 289 3792 Libri
304 3728 353 3791 1¹³mi
372 3726 540 3791 Tractatns
555 3725 636 3790 XII.
657 3725 757 3790 mrrlta
781 3724 931 3806 continet,
957 3746 1038 3807 quae
1058 3720 1100 3786 ad
1120 3720 1252 3786 verbum
1271 3720 1336 3783 sere

197 3837 284 3924 apud
306 3836 510 3901 Lactantium
534 3835 680 3922 legimus.
725 3835 813 3902 Zeno
832 3859 863 3901 n.
878 3838 908 3902 3.
928 3855 1002 3920 pag.
1018 3833 1060 3898 88
1080 3831 1126 3895 ita
1144 3829 1184 3896 de
1204 3828 1336 3898 Christo

197 3948 338 4013 Domino
364 3947 519 4032 loquitur:
555 3947 687 4031 „Utitur
715 3948 884 4032 (salvator)
911 3954 943 4011 et
967 3945 1071 4029 figura
1097 3953 1129 4008 et
1154 3941 1335 4030 conditione

266 4207 300 4276 Η)
319 4206 359 4262 Gt.
372 4205 404 4264 J.
416 4205 448 4264 J.
460 4205 492 4264 J,
504 4206 679 4281 Dollinper:
695 4205 838 4263 Lebrbnch
851 4203 903 4260 der
913 4199 1197 4271 Kirchengescbiclrte.
1215 4200 1335 4267 Regens·

196 4303 266 4371 burg
283 4302 359 4359 1843.
395 4302 445 4358 Ed.
463 4303 497 4358 n
533 4304 609 4358 Tom.
628 4302 648 4355 Ι.
667 4315 730 4369 pag.
748 4301 793 4353 sn
826 4293 925 4354 uitur
942 4313 986 4366 op.
1005 4297 1049 4352 cit
1073 4296 1148 4352 Tem.
1161 4295 1181 4348 l.
1199 4308 1262 4360 pag.
1276 4291 1334 4344 173.
