3012 4936
695 238 735 300 tt

147 397 278 478 bantur,
311 393 411 459 multa
433 415 562 479 passum
585 417 670 478 esse,
705 398 796 482 cujus
818 396 876 471 rei,
886 398 991 480 quarti
1013 398 1132 462 saeculi
1152 397 1285 463 historia

147 518 196 572 tot
217 506 349 591 praebet
370 505 569 570 documenta.
674 567 693 600 ι

252 619 385 704 Magna,
409 639 483 701 pars
520 641 701 682 sermonum
736 619 876 684 Zenonis
912 619 1103 704 polemicum
1141 623 1284 704 sequitur

149 731 332 813 consilium,
369 729 488 794 nullam
525 739 631 795 tamen
667 730 824 796 haeresim
857 732 985 797 nornine
1018 733 1147 818 proprio
1180 742 1283 815 vocat,

96 861 99 867 ’
148 844 286 908 breviter
311 851 435 906 tantum
468 845 632 907 materiam
667 844 781 907 erroris
816 866 1086 926 commemorans,
1121 866 1202 928 quae
1233 867 1283 909 res

149 955 375 1039 scriptoribus,
404 954 461 1038 qui
486 954 647 1018 Zenonem
679 955 774 1020 tertio
808 954 935 1020 saeculo
962 978 1079 1040 ponere
1106 955 1284 1038 voluerunt,

148 1067 348 1132 occasionem
371 1065 519 1150 praebuit
539 1066 648 1131 multis
672 1066 921 1150 demonstrandi,
952 1067 1100 1134 haereses
1124 1067 1285 1132 aZenone

147 1189 282 1244 attactas
305 1177 346 1242 ad
367 1180 496 1243 tertium
519 1179 682 1245 saeculum
697 1180 805 1243 referri
820 1203 930 1266 posse:
954 1203 1016 1243 non
1033 1178 1285 1266 reprehendendi

148 1300 223 1356 sunt
256 1291 350 1376 plane
387 1299 519 1356 conatus
557 1313 681 1372 eorum,
720 1291 775 1374 qui
811 1292 873 1356 hoc
909 1301 1070 1377 praestare
1106 1291 1284 1374 voluerunt,

148 1413 288 1468 attamen
311 1401 411 1466 multo
429 1401 570 1466 firmiora
584 1411 659 1466 sunt
673 1401 863 1468 adducenda
877 1412 1073 1488 argumenta,
1096 1427 1178 1487 quae
1193 1405 1285 1492 signa

149 1516 300 1595 offerunt,
329 1513 489 1578 Zenonem
517 1513 550 1577 in
576 1514 680 1597 quarti
708 1514 826 1578 saeculi
853 1513 1001 1578 haereses
1028 1516 1214 1600 praesertim
1237 1516 1284 1578 irr-

148 1637 275 1692 vectum
298 1649 382 1708 esse,
409 1624 613 1710 singulariter
639 1635 744 1690 autem
767 1626 799 1690 in
821 1626 893 1690 Arii
916 1649 1050 1705 errores3
1079 1649 1177 1711 quare
1199 1629 1285 1692 omni

148 1739 351 1805 contentione
373 1738 481 1800 omnia
493 1737 635 1822 proferre
650 1737 894 1819 elaborabimus,
917 1760 999 1821 quae
1014 1738 1107 1803 nobis
1123 1739 1286 1804 oculenter

148 1849 427 1932 demonstrabunt,
445 1849 717 1932 frequentissimas
741 1849 996 1935 impugnationes
1019 1849 1061 1914 ad
1075 1850 1214 1915 Arianos
1229 1851 1284 1933 ire,

149 1963 237 2048 quod
270 1962 366 2026 etiam
399 1961 573 2027 sententiae
605 1971 734 2026 nostrae
767 1962 827 2026 erit
859 1961 1088 2044 emolumento,
1125 1962 1284 2034 Zenonem

151 2074 255 2160 quarti
278 2073 397 2138 saeculi
420 2095 490 2138 esse
514 2072 686 2137 doctorem.
710 2111 751 2120 -
790 2073 943 2140 Haeresis
965 2075 1087 2138 An'ana
1107 2083 1173 2137 tanr
1194 2075 1286 2138 firma

149 2187 325 2252 immiserat
347 2185 490 2272 germina
512 2185 545 2249 in
568 2184 712 2267 ecclesia,
734 2194 784 2248 tot
805 2182 1007 2256 Christianos
1031 2186 1097 2250 suis
1119 2186 1285 2250 foeterosis

149 2301 297 2385 attigerat
312 2298 482 2380 erroribus,
499 2307 534 2362 ut
548 2297 691 2382 episcopi
707 2297 855 2362 catholici
871 2320 942 2362 cnm
959 2298 1112 2362 omnibus
1124 2296 1286 2362 doctrinae

150 2420 181 2474 et
204 2411 402 2493 eloquentiae
425 2409 522 2472 armis
550 2420 661 2472 contra
687 2432 756 2472 earn
785 2409 1034 2490 esurrexissent,
1061 2409 1136 2473 huic
1165 2408 1286 2473 diluvio

150 2520 318 2584 ecclesiam
340 2519 529 2582 catholicam
558 2519 752 2604 superfluere
778 2519 911 2582 minanti
937 2519 1054 2584 limites
1081 2529 1286 2604 opponentes.

151 2631 267 2713 Neque
287 2639 452 2714 tantopere
486 2629 594 2692 mirari
621 2628 788 2710 debemus,
827 2628 988 2694 Zenonem
1010 2653 1050 2694 ne
1072 2652 1135 2694 uno
1158 2629 1287 2713 quidem

150 2742 222 2805 loco
238 2740 426 2804 nominatim
441 2740 513 2804 Arii
528 2739 708 2825 appellasse
730 2740 897 2823 haeresim,
919 2763 1018 2824 quum
1034 2740 1180 2806 doctrina
1193 2741 1288 2827 hujus

150 2851 388 2917 haeresiarchae
411 2852 497 2938 apud
521 2875 632 2918 omnes
660 2851 827 2916 notissima
854 2863 952 2935 esset,
984 2852 1049 2916 imo
1084 2875 1160 2917 vero
1191 2853 1287 2938 plebi,

149 2965 190 3029 ad
221 2988 318 3050 quam
350 2965 383 3027 in
414 2964 543 3050 publico
573 2962 736 3050 impudice
767 2963 989 3030 deferebantur
1020 2965 1172 3052 mysteria
1202 2964 1287 3029 fidei.

150 3077 226 3140 Non
249 3100 321 3141 curn
344 3099 461 3162 magna
482 3076 670 3141 difficultate
693 3079 898 3162 conjunctum
921 3077 982 3140 erit
1002 3100 1076 3141 curn
1091 3077 1177 3140 omni
1188 3077 1286 3140 certi·

150 3186 261 3250 tudine
293 3187 524 3271 demonstrare,
558 3188 667 3252 omnia
693 3187 814 3252 indicia
842 3197 938 3270 atque
960 3188 1099 3273 insignia
1120 3212 1139 3251 a
1160 3188 1288 3252 Zenone

151 3295 348 3378 adumbrata,
370 3298 590 3362 tantummodo
614 3299 683 3361 Arii
706 3297 884 3363 doctrinam
907 3308 1081 3384 spectasse,
1104 3301 1180 3384 quia
1201 3299 1288 3362 nulla

151 3409 392 3494 praeteritorum
419 3409 618 3472 saeculorum
644 3409 786 3474 haeresis
813 3408 949 3474 eandem·
973 3410 1206 3496 praeseferebat
1228 3409 1286 3470 im-

150 3521 314 3605 pietatem,
346 3535 449 3604 n‘eque
472 3519 537 3583 ulla
557 3521 675 3584 talibus
699 3520 871 3606 appositis,
900 3544 982 3605 quae
1004 3521 1143 3584 Arianae
1165 3521 1288 3584 haeresi

151 3631 319 3696 aZenone
346 3631 581 3714 attribuuntur,
613 3631 773 3718 designari
805 3633 918 3715 potuit.
971 3633 1047 3696 Jam
1070 3634 1234 3696 Baronius
1257 3642 1287 3695 et

156 3744 378 3822 Tillernontius,
402 3743 518 3828 quibus
541 3765 635 3807 nemo
657 3765 805 3828 magnam
824 3767 862 3808 ac
879 3754 1002 3808 vastam
1017 3742 1168 3814 historiae
1185 3743 1286 3807 ecele-

152 3853 298 3918 siasticae
320 3855 465 3920 notitiam
493 3853 709 3940 derogaverit,
733 3877 798 3919 non
821 3865 992 3940 potuerunt
1014 3854 1139 3920 silentio
1163 3863 1286 3940 praete·

152 3965 231 4046 rire,
269 3965 439 4030 maximam
472 3965 688 4052 suspicionem
721 3968 754 4029 in
786 3973 886 4030 totam
918 3991 937 4030 a
967 3968 1079 4052 primis
1111 3966 1287 4031 editoribus

151 4084 327 4140 enarratam
350 4077 488 4144 Zenonis
519 4079 683 4144 historiam
717 4078 860 4142 conferre
887 4079 988 4163 ipsius
1016 4077 1153 4142 Zenonis
1180 4077 1286 4159 verba,

151 4187 193 4252 ad
215 4188 353 4254 Arianos
381 4191 580 4296 apertissime
608 4189 805 4276 pertinentia
855 4186 1026 4256 Carteres
1049 4197 1117 4252 tota
1138 4189 1209 4253 loco
1231 4189 1287 4252 illo

152 4301 312 4366 communi
333 4301 468 4384 transigi
490 4323 553 4366 non
576 4302 693 4388 potnit,
717 4300 988 4386 quemadmodum
1011 4301 1150 4386 Bagatta
1171 4308 1203 4363 et
1225 4299 1286 4365 Pe·
