3012 4936
768 263 894 348 aa¹

219 421 448 492 Circomontiue
484 423 697 506 Veronensis,
735 425 902 489 Rotundus
945 423 1133 506 Wakela'cs,
1169 423 1366 508 Brugensis,

224 541 368 605 Valerius
399 539 567 604 Polermus
597 535 809 619 Veronensis,
846 537 986 601 Jacobus
1017 535 1234 623 Scmpcruiouo
1256 535 1366 601 Vero·

217 650 340 733 nensis,
375 649 522 716 Andrean
555 649 715 716 Cbisclrus.
761 648 868 713 Etiam
899 646 1044 712 historici
1076 647 1168 712 multi
1198 637 1366 714 Zenonem

218 771 391 850 martyrem
413 769 544 826 vocant:

246 883 252 896 '
320 876 711 960 GuillelmucPustrcttyua
727 873 1020 960 sive‘Pctatrcg'ricus,
1036 871 1232 938 Veronensis
1243 869 1365 940 Causi-

220 986 322 1070 dicus,
343 1025 386 1034 -—
410 984 589 1070 discipulus
618 985 756 1052 otdruda·
778 989 816 1052 dc
842 986 953 1050 Laude
973 983 1215 1067 Iurisconsulti,
1239 1025 1283 1034 -
1309 987 1366 1070 qui

219 1099 326 1164 floruit
351 1107 495 1184 tempore
519 1098 673 1164 Ludouiei
694 1096 916 1181 Imperatoris,
949 1096 1079 1161 inLib.
1106 1096 1146 1162 de
1168 1096 1258 1162 Viris
1283 1098 1365 1163 Illu-

219 1211 338 1277 stribus
361 1233 434 1296 pag.
452 1211 494 1275 77
516 1209 640 1274 scribit:
665 1208 772 1291 „Zeno
794 1205 991 1286 Veronensis
1014 1208 1196 1293 Episcopus
1220 1208 1368 1276 Gallieni

218 1323 425 1410 Imperatoris
447 1332 590 1406 tempore
613 1320 750 1406 insignis
772 1319 906 1385 babetur
927 1311 960 1385 et
981 1295 1168 1407 martyrium
1188 1323 1344 1406 patitur.“

323 1437 437 1502 Petrus
460 1436 497 1499 de
520 1427 694 1502 Narraturus
716 1432 806 1497 v;,P;
827 1431 973 1498 Venetus
1004 1457 1034 1498 v.
1061 1433 1098 1497 P.
1121 1433 1297 1518 Equilinus
1325 1435 1366 1499 ab

219 1547 405 1632 epIseopatu
433 1545 603 1630 Aequiliae
635 1546 702 1610 sive
724 1543 846 1630 Equssii
878 1545 989 1631 (hodie
1015 1544 1158 1631 Jesolo),
1190 1546 1245 1630 qui
1278 1549 1366 1613 circa

219 1659 440 1724 an.·1372ex
471 1658 568 1723 variis
599 1657 816 1722 voluminibus
844 1657 1034 1724 Sanctorum
1058 1657 1251 1744 Catalogum
1285 1683 1364 1725 con-

220 1769 375 1847 cinnavit,
398 1792 458 1834 nec
480 1768 665 1854 diligenter,
689 1792 748 1833 nec
770 1779 876 1852 caute,
899 1769 973 1834 Lib.
988 1769 1015 1834 I.
1032 1792 1101 1855 cap.
1116 1770 1246 1835 XLIII.
1270 1771 1363 1836 Mar-

219 1890 323 1966 tyrem
347 1880 508 1944 Zenonem
532 1880 592 1945 sub
616 1879 765 1946 Gallieno
788 1880 967 1967 posuitw).

231 1999 232 2002 ’
323 1994 461 2058 Micbocl
487 1992 638 2058 Fossatus
659 1992 855 2066 Veronensis
889 1993 921 2058 in
954 1989 1106 2060 Cannine
1137 1993 1178 2060 de
1210 1993 1362 2061 laudibus

219 2102 368 2170 Veron'ae
384 2103 425 2170 ad
440 2106 594 2171 Jacobum
610 2105 782 2171 Cantoiaum
804 2128 854 2169 an.
879 2106 963 2172 1482
985 2106 1105 2192 scripto
1120 2106 1257 2172 Zenonis
1269 2095 1358 2172 Mar-

220 2216 300 2303 tyris
322 2217 400 2281 tacit
422 2218 766 2287 commemorationem.
794 2257 799 2268 ·
832 2249 835 2254 ·
1201 2193 1213 2236 '¹

322 2327 390 2394 Sed
412 2328 513 2392 multo
535 2323 726 2394 vetustiores
749 2337 884 2415 possunt
907 2313 1013 2394 afferri
1035 2330 1222 2416 scriptores:

244 2473 249 2486 ·
321 2441 522 2507 Humanum
545 2438 728 2507 Contractus
756 2442 793 2528 (t
818 2443 917 2527 1054)
938 2442 1120 2508 Monachus
1145 2442 1186 2509 Ο.
1209 2443 1243 2511 S.
1265 2442 1303 2507 B.
1324 2441 1358 2504 in

221 2575 279 2618 suo
295 2548 459 2621 Chronico
475 2551 514 2618 de
530 2557 588 2619 se'x
603 2552 715 2622 mundi
738 2555 894 2620 aetatibus
918 2554 1081 2641 (Basileae
1098 2557 1181 2622 1536
1197 2557 1244 2641 et)
1256 2554 1361 2642 Typis

220 2663 286 2732 San
301 2665 462 2764 Itlasianis
488 2668 573 2732 1790
594 2666 670 2733 edit.
693 2666 898 2752 Ussermani,
922 2666 1208 2735 -Bemarda'nn's
1236 2665 1363 2734 Carine:

219 2777 252 2840 in
279 2767 432 2842 ‘Historia
462 2777 700 2845 Mediolanensi
736 2781 768 2843 in
802 2782 869 2845 vita
902 2777 1043 2845 Gallieni
1073 2778 1295 2861 ImperatoriS,
1320 2816 1363 2826 -

225 2890 406 2954 Vincentius
414 2889 656 2970 Bellovuccaeis,
673 2891 728 2974 qui
740 2870 847 2954 iloruit
859 2890 918 2954 snb
930 2889 1096 2952 Friderioo
1108 2889 1305 2976 Imperatore
1315 2889 1362 2950 Π.

219 2985 246 3063 a.
273 2998 360 3063 1240'
387 2998 509 3083 fuitque
536 2998 664 3065 natione
685 2999 882 3085 Burgundus
910 2993 949 3092 et'
964 2996 1097 3061 Praesul
1119 2995 1361 3076 Beliovaoensis

218 3108 299 3177 Ord.
323 3108 483 3193 Praedia,
517 3109 550 3174 in
574 3131 632 3176 suo
657 3109 817 3196 „Speculo
844 3089 1000 3204 naturali‘i
1025 3105 1170 3174 Venetiis
1196 3109 1294 3192 1591,
1318 3148 1361 3158 -—

217 3225 390 3289 Marianus
410 3223 534 3306 Sontas,
561 3223 737 3291 monachus
764 3222 903 3318 primum
926 3219 959 3287 S.
982 3220 1117 3284 Martini
1139 3221 1269 3308 majoris
1293 3221 1359 3289 Oo-

216 3333 331 3418 loniae,
355 3331 471 3399 deinde
486 3334 671 3418 Fuldensis,'
693 3333 962 3421 Congregationis
978 3328 1209 3401 Clemiacensis
1230 3334 1271 3420 (†
1286 3334 1364 3398 Mo·-

218 3447 348 3534 ganeae
373 3446 472 3531 rosc)
495 3427 527 3510 in'
550 3447 616 3536 aps:
640 3446 752 3530 „naua
766 3446 828 3512 m.
852 3443 1071 3514 chronic-um«
1095 3445 1296 3511 nanuum
1317 3445 1362 3510 aa

217 3559 374 3648 Moenum
392 3559 486 3642 1583,
502 3597 543 3607 -
560 3582 669 3624 omnes
685 3559 846 3626 Zenonem
863 3567 1035 3646 martyrem
1050 3550 1150 3624 fuisse
1164 3566 1301 3622 narrant.
1318 3596 1358 3606 -

214 3669 388 3760 'Praeterea
409 3652 545 3736 afferunt
566 3672 718 3764 Baptista
737 3671 862 3739 Perett't'·
879 3681 910 3736 et
926 3672 1071 3760 Rupbocl
1087 3673 1214 3757 Bayata
1236 3670 1269 3734 in
1292 3670 1359 3736 suis

226 3879 427 3893 *ι

235 4043 237 4048 ,
291 3977 324 4046 ⁷⁰)
343 3976 472 4054 Diximus
478 3973 579 4030 vvirum
600 3971 672 4042 hune
694 3989 745 4038 nec
768 3955 926 4046 diligenter,
949 3977 1095 4030 nec-cante
1113 3988 1183 4048 opus
1200 3989 1279 4028 suum
1297 3988 1359 4028 con-

217 4061 372 4146 scribsisse,
398 4070 466 4139 qnia
483 4068 622 4139 ,permulta
647 4067 793 4124 falsissima
819 4069 847 4124 in
874 4085 908 4124 eo
935 4069 1106 4130 eontinentur
1123 4075 1151 4124 et
1167 4085 1359 4137 nonnunquam

217 4166 328 4235 quidem
350 4166 421 4221 inter
439 4147 553 4221 sanctos
571 4158 599 4219 et
615 4164 749 4240 Martyres
766 4165 841 4220 viros
859 4165 893 4218 ab
911 4164 1027 4219 ecelesia
1044 4164 1146 4218 recisos
1164 4169 1192 4218 et
1209 4162 1360 4242 haereticos

217 4265 364 4332 enumerat,
382 4267 413 4317 ut
424 4277 466 4316 ex.
479 4277 519 4332 gr.
533 4260 729 4315 Priscillianum
747 4258 897 4327 Hispanum
915 4257 1145 4329 Haeresiarcharn‚
1163 4258 1209 4327 qui
1227 4258 1264 4312 ob
1276 4257 1360 4310 multa
1482 4279 1483 4292 ¹

218 4357 320 4414 scelera
336 4357 457 4413 Treviris
474 4361 560 4412 morte
577 4355 675 4426 plexus
693 4358 735 4408 est
753 4369 813 4408 cum
831 4351 995 4409 Petroniano
1014 4355 1129 4410 nectario
1146 4367 1205 4410 suo.
1234 4371 1251 4384 ⁶
