3012 4936
786 255 821 314 12

232 409 386 497 temporis
408 409 553 496 episcopi
575 410 672 474 vitam
697 409 866 496 degebant,
889 419 956 474 tum
975 410 1051 494 quia
1072 419 1196 474 tantum
1218 433 1258 474 ex
1280 410 1372 474 obla-

232 521 373 586 tionibus
397 545 415 585 a
437 521 558 608 populo
580 523 673 588 factis
695 523 858 606 vivebant,
886 533 954 587 tum
981 522 1076 586 etiam
1099 521 1175 606 quia
1197 522 1289 586 multi
1312 547 1371 587 vo-

232 633 366 698 luntarie
400 636 487 698 omni
519 657 554 699 se
585 634 787 700 abstinebant
808 633 1044 700 commoditate.
1081 634 1204 720 Magna
1226 633 1374 724 doctriua

232 746 331 812 fuisse
353 745 513 840 Zenonem
537 746 744 832 expluribus
766 747 970 829 tractatibus,
995 745 1051 829 qui
1074 745 1167 811 uobis
1190 757 1373 832 supersunt,

233 859 355 941 elucet,
387 858 418 922 in
441 857 559 942 quibus
582 881 708 924 summa
729 859 857 925 claritas
880 869 911 924 et
933 857 1128 924 abundantia
1149 857 1182 922 in
1204 858 1308 944 stylo,
1341 869 1374 923 et

233 971 266 1036 in
282 969 432 1056 dogmate
452 968 606 1036 ecclesiae
629 970 830 1057 explanando
852 993 923 1036 rara
944 980 1076 1058 apparet
1098 969 1269 1052 subtilitas,
1291 994 1373 1056 pau-

234 1062 425 1148 distantum
449 1083 591 1168 exceptis
614 1083 883 1166 sermonibus,in
906 1084 1023 1169 quibus
1046 1083 1150 1148 minus
1174 1105 1282 1168 presse
1304 1108 1372 1148 rem

234 1191 401 1280 exprimit}
433 1216 531 1277 quare
559 1197 645 1281 juste
666 1195 839 1261 ¹sermones
860 1200 930 1284 ejus
953 1194 1221 1282 eloquentissimis
1243 1197 1373 1282 linguae

233 1307 349 1371 latinae
371 1305 584 1372 monumentis
607 1305 864 1373 adnumerantur.
908 1309 960 1374 De
983 1308 1049 1373 vita
1069 1307 1165 1394 hujus
1188 1308 1312 1391 Sancti,
1336 1318 1373 1373 ut

229 1423 295 1506 jam
320 1443 360 1484 ex
383 1416 585 1506 praecedenti
607 1418 771 1504 videmus,
804 1444 963 1508 perpauca
992 1431 1115 1486 tantum
1139 1419 1203 1486 dici
1225 1430 1371 1508 possunt,

234 1541 266 1595 et
287 1530 394 1594 omnia
415 1532 480 1596 fere
508 1556 548 1598 ex
580 1532 780 1598 sermonibus
813 1533 892 1619 ipsis
926 1543 999 1600 sunt
1031 1532 1216 1599 haurienda.
1260 1532 1372 1598 Docu-

233 1651 339 1707 menta
365 1644 496 1728 antiqua
526 1645 558 1708 in
586 1645 771 1710 missalibus
793 1655 825 1710 et
838 1633 1012 1710 breviariis
1036 1645 1244 1712 ecclesiarum
1265 1645 1370 1710 Vero·

233 1754 354 1836 nensis,
378 1753 652 1839 Mediolanensis,
675 1756 881 1822 Pistoriensis
905 1757 1117 1844 aliarumque,
1142 1765 1308 1839 contenta,
1332 1780 1372 1821 ex

233 1863 388 1932 Coronati
410 1865 538 1931 Notarii
565 1865 780 1954 descriptione
807 1869 890 1934 vitae
914 1869 1052 1936 Zenonis
1079 1869 1191 1958 majori
1220 1880 1372 1956 exparte

232 1977 346 2042 hausta
368 1987 399 2042 et
422 1983 467 2042 ex'
482 1978 654 2046 traditione
676 1979 822 2065 adaucta,
846 1979 886 2046 de
908 1982 1018 2046 multis
1044 1982 1206 2047 miraculis
1233 1981 1372 2046 Zenonis

234 2099 371 2172 narrant,
395 2089 512 2174 quibus
534 2091 567 2156 in
589 2092 655 2156 vita
676 2102 709 2158 et
730 2101 805 2178 post
826 2103 960 2158 mortem
982 2094 1078 2180 longo
1100 2094 1227 2178 lateque
1250 2093 1372 2158 clarue-

211 2201 292 2280 ·rit;
316 2201 479 2265 continent
500 2210 606 2267 tamen
630 2204 740 2288 multa,
763 2228 846 2289 quae
861 2205 990 2270 minime
1005 2206 1171 2271 veritatem
1183 2205 1369 2271 historicam

234 2315 488 2400 praeseferunt,
512 2337 609 2397 quare
632 2316 727 2379 ctiam
750 2317 782 2380 in
806 2316 982 2382 enarranda
1003 2317 1070 2382 vita
1084 2317 1222 2382 Zenonis
1243 2317 1370 2382 minime

233 2425 326 2490 nobis
354 2425 517 2512 suppetias
544 2427 625 2492 ferre
652 2437 832 2514 potuerunt.
877 2428 916 2494 In
939 2429 1124 2496 emortualis
1147 2429 1211 2496 diei
1234 2429 1372 2494 Zenonis

233 2537 453 2626 designatione
486 2537 645 2605 dissident
676 2541 846 2629 praecipue
876 2541 1184 2630 Martyrologiorum
1215 2551 1373 2628 auctores,

233 2677 331 2736 quum
354 2652 409 2716 alii
423 2651 474 2717 VI
496 2650 546 2718 Id.
568 2652 771 2739 Decembris,
793 2656 849 2720 alii
870 2654 942 2720 XII
965 2651 1036 2724 Cal.
1055 2656 1207 2742 Augusti,
1230 2653 1284 2719 alii
1305 2653 1372 2739 pri-

233 2765 285 2828 die
307 2763 357 2830 Id.
373 2763 496 2848 Aprilis
520 2789 592 2829 eum
615 2790 632 2830 e
654 2767 720 2830 vita
742 2768 919 2834 excessisse
940 2775 1111 2832 testantur:
1134 2775 1272 2830 attamen
1295 2785 1372 2825 con-

233 2885 320 2939 stans
352 2873 508 2944 eoolesiac,
536 2874 733 2940 Veronensis
763 2877 893 2940 traditio
927 2884 959 2958 et
991 2876 1138 2960 graviora
1168 2878 1373 2936 monumenta

233 2984 335 3071 pridie
355 2982 405 3047 Id.
425 2983 549 3068 Aprilis
576 2993 711 3048 mortem
738 2988 806 3070 ejus
829 2992 965 3070 ponunt,
993 2990 1078 3046 recte
1101 3005 1177 3067 ergo
1199 2981 1233 3046 in
1253 2981 1371 3046 nostris

233 3117 361 3180 quoque
378 3093 566 3160 calendariis
581 3094 643 3160 hoc
658 3093 710 3160 die
732 3093 773 3161 de
796 3119 833 3160 eo
855 3096 893 3159 fit
914 3093 1184 3158 commemoratio.
1220 3094 1371 3158 Mortuus

233 3221 282 3272 est
303 3216 409 3272 autem
433 3207 518 3272 circa
539 3229 656 3271 annum
679 3207 743 3272 380
774 3217 806 3271 et
832 3204 961 3290 quidem
989 3203 1116 3290 placida
1137 3216 1253 3284 morte,
1284 3204 1371 3290 quod

233 3322 262 3385 ei
280 3327 386 3383 autem
408 3342 428 3382 a
449 3317 609 3382 nonnullis
633 3318 842 3403 scriptoribus
865 3316 1014 3402 martyris
1036 3318 1167 3383 titulum
1189 3317 1370 3404 appositum

234 3442 318 3514 erat,
352 3429 387 3496 id
413 3454 453 3496 ex
484 3453 521 3494 ea
549 3452 646 3494 causa
666 3430 741 3494 sine
764 3428 862 3494 dubio
884 3432 1004 3494 factum
1028 3440 1090 3514 est,
1122 3431 1198 3515 quia
1220 3430 1307 3494 Zeno
1330 3428 1371 3492 ob

234 3567 326 3610 suum
342 3542 488 3610 ardorem
503 3541 613 3607 multis
633 3542 908 3628 persecutionibus
931 3542 971 3606 ab
986 3542 1116 3608 Arianis
1132 3550 1271 3606 'vexatus
1294 3549 1370 3622 erat,

234 3655 321 3740 quod
343 3664 392 3720 tot
417 3655 488 3720 aliis
516 3654 675 3740 episcopis
704 3661 736 3717 et
761 3653 838 3718 viris
866 3654 1091 3720 ecclesiasticis
1119 3651 1241 3735 evenit,
1273 3674 1371 3735 quare

233 3790 297 3832 non
318 3766 477 3831 immerito
500 3766 655 3852 Martyris
677 3766 772 3830 titulo
795 3764 943 3831 adornari
964 3767 1078 3851 potuit.
1102 3804 1143 3813 -

334 3877 518 3944 Secundum
535 3873 732 3944 Coronatum
747 3877 920 3942 Notarium
934 3885 1009 3963 post
1027 3885 1160 3940 mortem
1183 3874 1278 3960 hujus
1300 3873 1370 3955 viri,

234 3987 290 4074 qui
316 3991 349 4053 in
375 3998 463 4053 tanto
489 3990 551 4054 fuit
580 3989 718 4073 honore,
752 3999 789 4055 ut
820 3990 935 4072 „Pater
965 3987 1112 4050 Patriae“
1147 3985 1369 4073 appellaretur,

120 4101 137 4115 ““
234 4097 405 4186 singularis
428 4100 585 4168 dioecesis
607 4101 804 4167 Veronensis
826 4101 983 4164 Patronus
1006 4105 1231 4180 assumeretur,
1253 4097 1318 4161 imo
1340 4102 1371 4158 ct

144 4296 149 4304 .
234 4213 377 4298 episcopi
408 4213 610 4301 Veronenses
646 4213 775 4278 titulum
814 4209 1023 4291 „vicariorum
1056 4208 1090 4276 S.
1113 4208 1271 4274 Zenonis“
1310 4207 1371 4270 sibi

234 4336 446 4412 apponerent,
467 4367 508 4378 -
545 4335 708 4392 exstructa
738 4333 787 4389 est
817 4319 938 4386 Zenoni
969 4320 1106 4386 ecclesia
1138 4343 1157 4384 a
1190 4317 1370 4403 propinquo
