3012 4936
719 263 799 329 75.

153 438 306 514 possunt,
331 425 530 513 praestitisse
550 433 658 489 tamen
681 432 830 508 putamus
855 422 973 488 nostris
990 419 1196 507 argumentis,
1220 415 1309 503 quod

154 539 411 605 illi=doctissimi
432 538 492 602 viri
514 538 547 602 in
569 536 668 623 largis
691 533 969 604 dissertationibus
987 556 1046 618 sua
1060 533 1192 613 ratione,
1226 553 1308 615 quae

156 667 177 709 a
203 661 316 716 nostra
338 650 540 738 inpluribus
565 648 686 733 differt,
707 647 933 723 demonstrare
957 647 1063 713 eonati
1093 655 1175 712 sunt.

626 861 832 900 Lon—*und

776 905 782 914 ι

551 1104 781 1230 onru‘r
817 1064 912 1199 ur.

255 1375 260 1384 .
333 1309 401 1383 DE
427 1291 785 1413 TRAOTATIBUS
814 1303 1130 1380 ZENONIANIS.

694 1521 779 1604 tr·
835 1487 838 1560 ἶ
935 1501 940 1512 ’

265 1638 429 1698 Editiones
457 1607 485 1695 ei
512 1635 723 1695 translationes
750 1641 931 1694 tractatuum
947 1631 1203 1692 'Zenouiccorurn

262 1777 372 1860 Quum
395 1776 522 1865 jamin
548 1773 693 1864 tempore
723 1775 939 1864 designando,
972 1799 1037 1860 quo
1069 1775 1156 1840 Zeno
1186 1774 1302 1839 vixerit
1391 1865 1395 1870 .

157 1915 224 1956 non
250 1915 381 1976 parvam
409 1889 489 1955 varii
521 1888 694 1976 scriptores
729 1888 874 1968 viderent
905 1888 1142 1969 difficultatem,
1174 1898 1244 1952 tum
1266 1886 1307 1952 de

160 1984 363 2068 sermonibus
390 2002 449 2066 sub
479 2004 548 2088 ejus
575 1989 714 2066 nomine
730 2000 826 2067 editis
853 2001 972 2066 multae
993 2001 1027 2065 in
1048 2001 1154 2066 lucem
1175 1999 1304 2086 prodie-

160 2125 237 2181 runt
251 2115 433 2206 opiniones:
456 2113 511 2178 alii
526 2111 639 2196 critici,
656 2112 712 2196 qui
728 2111 811 2178 duos
826 2113 972 2179 Zenones
985 2114 1192 2180 'Veronens'es
1208 2113 1308 2177 fuisse

160 2227 396 2294 arbitrabantur
419 2229 581 2291 sermones
597 2225 740 2313 martyri,
765 2225 821 2310 qui
837 2224 898 2291 sub
915 2208 1064 2293 Gallieno
1079 2219 1304 2312 passus·esset,

161 2337 378 2427 denegabant,
407 2338 632 2406 adscribebant
658 2347 764 2404 autem
793 2337 856 2422 illi,
885 2361 989 2422 quem·
1003 2337 1201 2426 temporibus
1224 2338 1304 2408 Am,-

159 2453 268 2528 brosiij
290 2441 411 2517 vixisse
443 2449 607 2534 dicebant,
631 2490 671 2499 -
700 2449 755 2514 alii
785 2445 956 2516 nonnullris
988 2464 1151 2516 sermones
1181 2449 1304 2514 Zenoni

160 2564 357 2645 tribuebant,
379 2557 537 2648 ‘majorem
563 2553 671 2627 tamen
692 2569 817 2647 partem
839 2563 911 2628 aliis
934 2562 1118 2627 auctoribus
1141 2560 1304 2626 adscribe·

161 2676 249 2759 bant,
273 2699 383 2740 revera
404 2683 527 2739 extota
542 2673 1023 2762 collectione.exigua-frustilla
1038 2674 1067 2738 ei
1082 2667 1301 2758 relinquentes

161 2788 216 2854 alii
247 2787 385 2873 denique
417 2781 580 2854 sermones
613 2786 672 2851 sub
703 2787 831 2852 nomine
854 2786 992 2854 Zenonis
1016 2784 1127 2876 editos
1143 2809 1183 2852 ex
1205 2786 1303 2852 variis

160 2900 370 2988 scriptoribus
398 2900 556 2967 collectos
573 2903 654 2965 'esse
682 2897 845 2984 dicebant,
863 2901 964 2985 'iique
991 2923 1030 2965 eo
1058 2898 1196 2964 maxime
1224 2899 1304 2966 nite·

160 3014 276 3079 bantur
302 3021 504 3100 argumento,
528 3009 626 3098 'quod
652 3035 746 3078 nemo
769 3011 962 3098 scriptorum
985 3019 1057 3077 ante
1079 3012 1215 3098 primam
1237 3022 1302 3077 tra-

161 3113 593 3192 ctatuum'Zenoniancrum·
611 3124 799 3210 editionem,
831 3147 928 3210 quam
956 3123 1119 3189 Guarinus
1142 3148 1191 3190 an.
1218 3125 1300 3190 1508

162 3235 299 3317 curauit,
330 3237 426 3300 ullam
459 3261 569 3302 eorum
602 3235 713 3302 fecerit
738 3236 1081 3302 commemorationem.
1125 3237 1172 3302 At
1195 3235 1300 3302 minus

161 3334 499 3430 recte'opinabar'rtur(
534 3347 612 3410 Jarn
633 3346 773 3413 vidimus
786 3371 836 3442 verr
856 3347 1060 3434 praecedenti
1087 3371 1198 3414 omnes
1230 3355 1306 3414 nise.

162 3458 291 3525 codices
314 3459 351 3528 in,
370 3458 473 3522 fronte
495 3477 611 3540 nomen
634 3459 772 3528 Zenonis
797 3457 927 3532 babere:
950 3461 1003 3526 hic
1024 3469 1148 3532 tantum
1166 3481 1305 3526 comme-

162 3569 309 3635 morandi
333 3577 408 3635 sunt
428 3569 522 3662 nobis
546 3570 732 3658 scriptores,
764 3574 820 3659 qui
850 3569 925 3640 ante
954 3574 1089 3660 primam
1124 3579 1305 3638 sermonum

163 3665 339 3747 editionum
361 3666 402 3748 de
423 3681 464 3748 iis
487 3681 679 3753 mentionem
701 3685 843 3752 iecerint.

263 3794 405 3879 Primus,
438 3795 493 3879 qui
525 3793 603 3859 citat
634 3810 806 3865 sermones
819 3798 957 3865 Zenonis
989 3797 1224 3886 lotherius-⁷¹)
1257 3807 1306 3864 est

235 4079 267 4148 ⁷¹)
286 4078 432 4156 Ratherins
461 4081 520 4135 siue
544 4075 696 4135 Racberius
725 4081 874 4136 secundum
904 4081 1076 4152 Sigattertum
1106 4087 1134 4137 et
1158 4083 1305 4139 Baronium

162 4189 205 4228 an.
223 4175 275 4230 928
298 4174 443 4244 episeopus
466 4179 572 4231 creatus
597 4177 651 4230 est:
679 4175 728 4230 scd
755 4167 843 4231 minus
869 4175 1010 4246 probanda
1027 4175 1139 4232 Barcnii¹
1162 4179 1304 4249 sententia,

162 4267 348 4338 accipiendum
368 4274 410 4322 est
427 4273 515 4324 autem
534 4285 595 4324 cum
619 4257 807 4340 Papebrochic
833 4279 861 4328 et
877 4273 965 4344 Pagic
984 4273 1022 4341 (in
1040 4273 1140 4330 Oritiea
1157 4273 1304 4329 historico·
1408 4291 1410 4296 ·

163 4361 356 4436 chronologica
373 4365 401 4419 in
419 4363 560 4423 universos
577 4366 688 4426 annales
706 4371 758 4426 etc.
770 4367 880 4427 Barouii
893 4369 1021 4428 Gunavat
1039 4371 1115 4428 1727.
1134 4370 1169 4426 ad
1187 4385 1230 4426 au.
1241 4369 1302 4436 928)
