3012 4936
785 191 824 255 ot

229 351 335 439 donec
371 355 421 416 nat
457 337 535 416 ositos
571 351 607 432 τῇ
637 355 731 415 κτίσει
762 349 936 434 λατρενονσι
954 349 1052 434 ,παρὰ
1083 349 1133 416 τὸν
1166 361 1343 418 κτίσαντα
1377 355 1416 417 τὰ

231 469 329 532 πάντα
351 463 427 530 θεὸν
443 462 484 548 *).

333 561 546 661 luuh-rogatio
560 571 699 638 Zenonis
714 571 787 636 Lib.
799 573 826 637 I.
843 571 948 638 Tract.
963 572 990 638 Ι.
1013 597 1043 638 n.
1058 575 1090 640 4.
1114 597 1191 661 pag.
1212 577 1258 640 8:
1289 575 1415 659 „Scire

232 690 343 778 cupio,
374 688 456 753 fides
488 709 528 751 ex
559 683 706 749 doctrina
734 693 875 774 constet,
906 707 947 748 au
974 707 1014 749 ex
1036 685 1256 772 credulitate,
1297 712 1346 754 an
1372 711 1414 752 ex
1483 727 1484 730 =

232 800 407 888 utraque?“
432 808 464 864 et
478 797 555 864 ibid.
572 821 602 861 n.
612 798 642 862 3.
659 819 731 881 pag.
743 799 778 860 5:
803 796 913 878 „Scire
928 795 1113 883 debeamus,
1136 810 1258 867 utrum
1277 813 1413 868 tracta*
1483 779 1484 816 ³

231 928 301 981 turn
322 913 408 995 fidei,
432 935 473 976 an
495 909 592 975 fidem
615 917 769 972 tractatus
792 907 966 974 debeamus
981 909 1149 976 adserere“
1164 953 1210 964 -
1230 913 1284 979 ad
1303 914 1412 979 Aria-

232 1050 292 1093 nos
323 1024 432 1091 referri
465 1022 574 1103 debet,
608 1020 675 1085 sive
703 1021 809 1104 potius
836 1030 904 1086 tota
930 1021 1027 1107 longa
1053 1024 1086 1086 in
1112 1026 1220 1108 primo
1249 1035 1410 1090 tractatu

233 1146 381 1204 contenta
417 1133 602 1218 disquisitio
640 1131 680 1196 de
713 1141 849 1197 tractatu
888 1144 920 1198 et
955 1134 1034 1218 fide,
1072 1137 1148 1220 quia
1178 1138 1314 1203 Ariani
1353 1161 1409 1220 ea,

234 1274 316 1335 quae
344 1252 467 1335 majora
494 1256 581 1330 sunt,
623 1267 719 1329 quam
745 1244 883 1310 hominis
911 1247 1033 1312 ratione
1060 1250 1214 1332 consequi
1240 1251 1407 1336 possint,

233 1371 429 1447 respuentes,
452 1361 485 1424 in
508 1359 654 1425 doctrina
676 1369 707 1422 et
730 1357 906 1423 dialecticis
929 1359 1226 1426 ratiocinationibus
1255 1385 1405 1426 omnem

232 1473 328 1540 fidem
352 1473 472 1539 versari
494 1465 655 1537 dicebaut.
703 1473 848 1538 Socrates
869 1471 956 1536 Hist.
978 1471 1067 1536 Eccl.
1090 1473 1163 1538 Lib.
1179 1473 1222 1538 V.
1249 1498 1335 1560 cap.
1353 1473 1403 1550 X.
1483 1481 1484 1496 ¹

233 1586 327 1651 docet
342 1587 480 1650 Arianos
496 1586 593 1650 fretos
608 1585 707 1649 fuisse
723 1585 853 1662 διαλέξει
872 1586 949 1668 μόνῃ
969 1591 1020 1648 καὶ
1042 1589 1075 1650 oo'
1098 1587 1228 1670 ἀρχείων
1247 1591 1400 1653 ἐκθέσει.

331 1696 428 1761 'Idem
460 1698 666 1761 Theodorctua
692 1695 764 1759 Lib.
788 1695 814 1758 I.
844 1717 916 1779 pag.
942 1697 982 1760 16
1004 1694 1054 1759 ed.
1078 1696 1200 1762 Valesii
1229 1721 1313 1784 cap.
1333 1697 1399 1762 IV.

233 1809 325 1874 dicit:
348 1807 451 1888 „Odeis
473 1811 532 1870 τοῖν
555 1810 686 1892 ἀρχείων
707 1809 796 1884 τινάς·
811 1817 977 1893 συνκρίνειν
998 1811 1111 1885 ἑαυτοῖς
1133 1813 1292 1892 ἀξιοῦσιν,
1320 1811 1395 1876 oriris
1483 1801 1484 1806 ἵ

232 1919 277 1998 οἷς
297 1922 383 2003 ἡμεῖς
404 1925 435 1983 ἐκ
456 1919 575 1983 παίδων
596 1919 792 2001 οἱμιλόσαμεν
814 1920 1006 1996 διδασκάλοις
1028 1925 1200 2002 eticorum,
1222 1926 1395 2008 ἀνέχονται

232 2033 296 2098 ἄλλ’
312 2031 380 2096 οὔδε
396 2031 455 2096 uir
471 2032 522 2095 riv
537 2036 693 2115 πανταχοῦ
706 2034 935 2119 σολλειτοοργοῖν
949 2038 1000 2098 καὶ
1015 2037 1115 2111 αὐτοῖς
1123 2038 1390 2122 ἀποκεκαλιίφθσι
1478 2079 1484 2144 p

232 2153 348 2225 μόνοις,
374 2141 452 2227 οἵπερ
478 2144 578 2208 οὐδενί
601 2147 660 2208 τοῖν
686 2143 748 2207 ἀπὸ
773 2145 823 2209 τὸν
850 2145 933 2224 ἵλεον
954 2149 1043 2234 ἑτέρῳ
1058 2155 1188 2230 πέφυκεν
1209 2155 1321 2214 ἐλθεῖν
1345 2149 1388 2220 εἷς
1481 2157 1484 2184 ¹

232 2261 365 2323 ῖννοιαι“
390 2255 438 2339 (in
461 2252 552 2338 epist.
568 2253 747 2319 Alexandri
762 2254 974 2320 Alexandrini
992 2255 1034 2322 ad
1049 2256 1275 2351 Alexandrum
1291 2259 1377 2328 Con-

233 2365 461 2452 stantinopol.).
508 2363 614 2445 Quam
637 2364 791 2431 humilem
812 2367 919 2433 locum
942 2377 1048 2432 autem
1068 2367 1146 2433 fidei
1160 2370 1379 2437 concesserint
1473 2364 1476 2373 ’

233 2479 356 2563 Ariani,
380 2499 480 2543 exeo
503 2475 623 2563 optime
646 2487 748 2565 patet,
772 2479 891 2566 quippe
911 2478 998 2565 quod
1014 2479 1182 2568 Synodum
1196 2482 1381 2548 Nicaenam

232 2590 364 2658 irridere
398 2591 468 2655 ausi
499 2599 587 2674 sunt,
623 2591 699 2676 quia
724 2592 868 2658 nonnulli
896 2593 1040 2681 episcopi
1067 2617 1171 2679 neque
1197 2593 1379 2660 doctrinam

233 2727 397 2790 magnam,
431 2725 535 2786 neque
566 2703 788 2791 philosophiae
820 2707 966 2771 notitiam
997 2706 1206 2792 possiderent.
1260 2707 1382 2789 Neque

232 2813 428 2895 mirandum,
463 2811 543 2876 dicit
569 2815 693 2881 Metto·
726 2817 774 2902 (in
796 2839 847 2899 op.
870 2817 1067 2882 Athanasius
1090 2817 1147 2880 der
1171 2817 1292 2881 Grosse
1315 2825 1380 2879 etc.
1475 2865 1476 2882 .

230 2925 322 2989 Tom.
337 2923 364 2987 I.
388 2923 461 2988 Lib.
477 2922 540 2986 III.
564 2946 636 3009 pag.
652 2927 747 3012 aad:
792 2925 942 2992 Christus
969 2926 1052 2990 enim
1080 2947 1189 2988 eorum
1212 2944 1275 2988 non
1297 2923 1378 2986 fidei

230 3046 297 3102 erat
326 3032 491 3117 Christus,
525 3034 584 3100 sed
614 3044 759 3100 creatura
791 3035 950 3100 finitarum
984 3035 1165 3115 notionum,
1179 3037 1186 3080 ἱ
1200 3052 1279 3117 quas
1310 3031 1376 3116 ipsi

229 3147 466 3233 excogitarunt,
505 3147 613 3230 itaque
645 3171 685 3212 ne
717 3155 890 3230 potuerunt
925 3144 1054 3229 quidem
1092 3143 1374 3231 comprehendere,

228 3257 400 3352 quomodo·
427 3257 551 3344 aliquid
588 3257 629 3324 de
666 3256 798 3325 Christo
836 3258 914 3344 sciri
947 3258 1052 3344 possit
1089 3257 1157 3322 siue
1186 3256 1373 3324 dialecticae

229 3371 370 3438 scientia.
403 3409 444 3418 -—
489 3370 562 3435 Lib.
578 3370 604 3434 Ι.
630 3369 735 3444 Tract.
751 3371 777 3436 I.
800 3392 874 3457 pag.
891 3372 926 3436 6:
972 3369 1114 3454 ,Vide0,
1148 3370 1253 3454 iuquit
1274 3369 1371 3450 Zeno,

229 3485 312 3550 sicut
342 3481 540 3550 adsertorum
560 3481 717 3548 indicant
743 3483 891 3567 nomina,
923 3485 1042 3550 multos
1076 3484 1175 3550 fuisse
1207 3491 1370 3563 tractatus,

228 3596 345 3662 multas
367 3594 448 3660 fides
472 3605 504 3660 et
531 3593 662 3678 quidem
699 3594 841 3660 novellas
875 3606 907 3661 et
939 3597 1005 3663 litis
1039 3597 1148 3662 labore
1180 3617 1217 3660 ac
1251 3596 1371 3660 fervore
1477 3610 1484 3702 q

227 3707 375 3785 nutritas3
398 3729 478 3790 quas
495 3706 571 3791 quia
592 3729 668 3772 vera
689 3707 743 3772 vix
764 3717 871 3794 potest
892 3709 1038 3791 inveniri,
1064 3705 1175 3790 credo,
1199 3731 1239 3772 ne
1262 3706 1369 3794 populi
1474 3693 1479 3823 ἵ

227 3819 360 3907 penuria
380 3818 571 3900 laborarent,
593 3819 721 3884 venales
745 3843 815 3885 esse
837 3822 1029 3909 propositas.
1076 3819 1307 3884 Verumtamen
1333 3839 1368 3881 ex
1475 3836 1479 3937 q

296 4096 321 4163 *)
339 4093 481 4150 Petoor'us
499 4094 526 4148 in
544 4087 671 4164 Dogmat.
690 4097 725 4149 de
742 4095 874 4149 Trinitate
892 4095 951 4150 Lib.
965 4095 984 4147 1.
1004 4109 1062 4162 cap.
1076 4093 1150 4150 Vlll.
1169 4110 1194 4148 n.
1207 4094 1231 4147 2.
1250 4107 1311 4161 pag.
1329 4090 1365 4143 37.
1474 4037 1478 4156 l

227 4187 371 4246 Heinrich
393 4187 509 4246 Ritter:
544 4189 707 4244 Geschiohte
736 4190 786 4245 der
815 4187 988 4244 christlichen
1017 4186 1201 4255 Philosophia.
1237 4186 1317 4239 Parte
1337 4183 1366 4238 Π.
1475 4172 1477 4195 ¹

227 4302 289 4355 pag.
308 4286 350 4340 29.
385 4285 535 4356 Hamburgi
556 4287 632 4342 1841.
662 4310 664 4314 v
1475 4285 1477 4302 ³
