3012 4936
760 239 799 306 bb

210 400 250 466 ab
274 400 369 466 Italia
390 399 431 468 de
446 400 604 466 veronus
639 399 803 488 Synodiea
823 407 931 466 curtem
953 399 1009 466 illa
1031 424 1059 467 a.
1077 403 1140 467 347
1162 401 1270 468 locum
1294 401 1360 466 bn-

210 513 294 580 buit:
317 512 376 580 scd
397 512 560 580 Lucillum
583 513 811 580 siveLucium
833 537 861 578 a.
879 516 945 580 356
965 511 1072 582 adbuc
1092 515 1125 580 in
1149 516 1230 580 vivis
1252 515 1361 582 scrisse

210 635 346 693 testatur
375 624 574 693 Athanasius
608 626 641 690 in
675 645 733 690 sua
762 625 927 712 Apologia
958 625 1012 692 ad·
1032 623 1272 696 Constantium:
1308 627 1360 694 ibi

213 738 297 804 enim
320 746 466 805 numerat
480 736 619 802 Lucium
640 737 724 802 inter
745 746 857 802 testes:
882 737 1009 826 „Hujus
1031 741 1077 804 rci
1098 741 1191 806 testis
1207 751 1256 806 est
1270 741 1358 804 For-

213 850 371 932 tunatius,
394 847 563 935 Aquilejae
586 849 766 935 episeopus.
803 849 878 915 Hoc
893 848 998 934 ipsum
1008 859 1121 937 potest
1135 853 1242 920 Patris
1258 852 1361 917 Hosii

214 961 398 1028 testimonio
421 961 611 1026 confirmari.
657 961 763 1028 Testis
785 961 861 1028 item
884 957 1054 1050 Crispinus
1074 961 1210 1046 Patavii,
1232 963 1360 1029 Lucius

214 1073 377 1156 Veronae,
406 1071 585 1160 Dionysius
606 1071 719 1154 Laidis
746 1088 778 1139 et
799 1073 995 1140 Vincentius
1016 1074 1050 1146 in
1073 1071 1251 1162 Campania
1273 1073 1358 1160 Epi·

215 1207 343 1270 scopus.
388 1183 522 1268 Et‘quiu
537 1183 678 1276 defuncti
695 1195 770 1250 suut
784 1185 1003 1253 Maximinus“
1019 1197 1079 1252 etc.
1126 1187 1234 1269 Quum
1250 1187 1358 1252 Atha-

215 1296 325 1364 nasius
340 1295 401 1362 hoc
416 1295 489 1360 loco
504 1305 646 1362 mortuos
667 1295 707 1362 ab
729 1296 793 1362 illis
816 1295 963 1382 secernit,
985 1297 1193 1382 demonstrat,
1216 1299 1358 1365 Lucium

215 1408 278 1474 hoc
300 1431 398 1492 anno,
422 1431 486 1492 quo
508 1408 705 1496 Apologiam
727 1409 856 1495 scripsit
877 1410 897 1474 i.
914 1397 941 1476 e.
957 1429 1014 1476 ¹aar.
1038 1413 1102 1478 356
1124 1405 1230 1477 adbuc
1251 1412 1284 1476 in
1306 1407 1356 1475 vi-

216 1519 265 1588 vis
299 1521 407 1586 fuisse.
463 1520 600 1586 Lucium
634 1519 765 1606 quidem
787 1521 932 1590 Hilarius
966 1523 998 1588 el
1027 1519 1224 1594 Athanasius
1261 1533 1358 1590 vocat

217 1631 308 1699 illum
339 1633 539 1719 episcopum,
574 1657 637 1698 non
668 1643 773 1698 autem
801 1633 962 1699 Lucillum
995 1635 1079 1719 (sive
1110 1635 1286 1719 Lucilium,
1321 1644 1357 1712 ut

217 1746 312 1810 etism
340 1744 373 1808 in
400 1743 560 1810 nonnullis
594 1744 807 1811 monumentis
839 1744 1016 1830 scribitur):
1049 1739 1161 1832 quum
1181 1743 1287 1814 autern
1324 1749 1358 1814 in

217 1854 366 1920 omnibus
389 1855 612 1940 episcoporum
635 1855 800 1922 ordinibus
822 1866 946 1922 tantum
961 1858 1107 1924 Lucillus
1127 1861 1194 1926 sive
1210 1860 1357 1926 Lucilius

217 1968 351 2054 legitur,
374 1965 487 2032 nullibi
510 1967 646 2050 Lucius,
674 1967 742 2034 sine'
764 1967 962 2036 dubitatione
984 1945 1086 2057 accipi
1109 1970 1218 2055 debet,
1240 1996 1357 2038 nomen

219 2067 337 2145 Lucilli
359 2087 483 2144 tantum
511 2078 736 2145 abbreviatum
756 2081 901 2146 fuisses
927 2083 1110 2149 memoratis
1137 2084 1354 2170 scriptoribus.

218 2192 311 2259 Haec
325 2200 438 2256 'autem
461 2192 607 2288 confusio
629 2192 863 2276 simillimorum
884 2193 1059 2278 nominum,
1082 2205 1118 2260 ut
1139 2189 1214 2262 sunt
1235 2195 1351 2263 Lucius

219 2314 251 2370 et
272 2304 434 2386 Lucillus,
449 2304 587 2382 minime
609 2299 758 2369 notabilis
781 2315 830 2369 est
852 2305 884 2370 in
907 2304 1122 2388 documentis,
1146 2331 1228 2394 quoe
1248 2307 1349 2376 autab

222 2415 357 2488 Graecis
379 2424 435 2480 aut
457 2438 520 2480 una
542 2439 615 2480 cum
639 2415 773 2483 Graecis
796 2426 869 2482 sunt
892 2417 1031 2502 condita,
1054 2419 1141 2506 quod
1157 2431 1271 2506 quarto
1287 2445 1353 2488 sae·

220 2527 292 2596 culo
315 2536 380 2594 tam
404 2551 499 2614 saepe
521 2529 700 2614 eveniebat,
727 2530 803 2615 quia
825 2531 973 2598 omnibus
996 2541 1105 2599 notum
1129 2543 1192 2618 est,
1207 2533 1304 2620 ,quod
1325 2543 1357 2600 et

220 2642 340 2708 Lobeck
359 2641 392 2706 in
408 2663 466 2706 sua
480 2640 671 2731 Pathologia
694 2666 766 2730 pag.
782 2647 846 2712 504
869 2645 989 2732 optime
1011 2645 1249 2731 demobstmvit,
1271 2643 1356 2733 apud

221 2752 365 2819 Graecos
391 2754 564 2840 scriptores
591 2756 720 2821 nomina
750 2777 904 2844 persaepe
934 2759 979 2824 ita
1009 2760 1108 2826 fuisse
1137 2768 1355 2841 transmutata,

221 2872 257 2927 ut
282 2887 302 2926 a
332 2889 407 2930 vero
438 2865 546 2930 radice
573 2866 772 2934 alienissima
803 2870 1001 2935 exsisterent.
1046 2870 1153 2954 Hujus
1185 2871 1231 2934 rei
1262 2889 1357 2934 causa

220 2973 316 3038 etiam
349 2976 493 3058 Grotius,
525 2979 632 3043 Sturtz
650 2979 708 3062 33),
740 2980 898 3044 Hearicus
924 2981 1032 3063 Meyer
1048 2977 1093 3062 33)
1118 2975 1157 3041 ¹'et
1187 2977 1242 3040 alii
1272 2976 1355 3039 haud

170 3163 175 3172 ,
221 3093 405 3152 cunctanter
432 3091 647 3174 conjecturam
673 3089 830 3170 fecerunt,
861 3081 1217 3172 Lucae'Evangelistae
1243 3109 1355 3152 nomen

220 3219 261 3263 ex
282 3196 416 3263 Lucano
443 3200 510 3266 sive
534 3200 660 3266 Lucillo
688 3208 885 3267 contractum
912 3219 996 3284 esser
1015 3207 1060 3268 ut
1085 3199 1148 3263 alia
1174 3199 1354 3264 omittamus

221 3309 377 3396 exempla.
399 3349 441 3358 -
473 3311 594 3377 ‘Locus
617 3335 694 3398 ergo
716 3307 987 3376 tantum'dandus
1011 3320 1059 3377 est
1081 3312 1275 3379 antecessori
1294 3311 1351 3376 Ze·

220 3422 314 3488 nonis
341 3419 472 3490 Oricino
503 3424 570 3489 sive
603 3423 747 3491 Gricium
799 3423 874 3488 Hoc
904 3421 1025 3508 posito,
1057 3423 1219 3491 Lucilium
1242 3421 1352 3510 ‘perillo

220 3543 295 3620 post
317 3559 366 3601 an.
389 3537 492 3602 356¹¹¹³²
514 3547 675 3608 munuum
698 3558 783 3620 esse,
815 3557 1033 3602 successorem
1060 3543 1128 3625 ejus
1155 3547 1262 3602 auteur
1285 3533 1350 3604 Cri·

222 3645 329 3712 cinum
360 3647 498 3715 breviter
528 3653 652 3714 tantum
686 3647 880 3734 gubernasse
914 3647 1095 3714 Ecclesiam
1128 3648 1350 3739 Veronensem,

221 3757 478 3826 concludendum
512 3759 585 3842 erit,
619 3759 780 3825 Zenonem
812 3759 897 3842 circa
912 3783 976 3847 an.
999 3763 1063 3826 362
1096 3759 1266 3846 dignitate»
1279 3759 1350 3844 Epi-

222 3870 365 3957 scopali·
382 3881 526 3936 ornatum
563 3871 678 3954 fuisse,
716 3895 849 3958 eamque
888 3895 988 3955 usque
1026 3871 1068 3937 ad
1105 3895 1154 3936 an.
1177 3874 1242 3937 380
1275 3870 1349 3935 obti-

291 4143 415 4212 ⁶³)Dial.
432 4144 499 4199 Mac
518 4137 581 4215 pa'g.
594 4146 653 4200 135.

182 4301 191 4310 ,
290 4237 480 4306 ⁸⁴)Kritisch·
470 4251 568 4311 mexeg
587 4233 760 4295 Commentar
776 4239 843 4296 iiber
860 4239 910 4294 aas
921 4237 1002 4340 Neue
1020 4237 1183 4295 Testament.
1209 4236 1347 4350 Gttttingen

221 4335 297 4388 1860.
332 4333 463 4407 Evangel
482 4335 571 4392 Lucae
589 4351 652 4405 pag.
665 4337 772 4400 215:
812 4379 833 4388 .,

1483 4411 1485 4460 l
