3012 4936
775 257 814 322 02

224 413 447 482 dissertatione
470 415 652 482 academica
674 413 970 486 CCCLXXXIX.
993 441 1067 504 pag.
1085 420 1147 485 257
1171 395 1287 506 nixuS,
1305 426 1367 492 104

225 547 387 593 sermones
424 528 546 594 Zenoni
586 527 817 616 adjudicandos
855 553 926 594 esse
962 538 1063 613 putat.
1124 529 1367 601 Commemorat

224 638 362 724 denique
385 640 469 708 Sixti
492 640 644 708 Senensis
666 642 865 725 aliorumque
889 642 1072 708 criticorum
1095 646 1297 712 sententiam.

255 779 259 789 ·
279 816 283 824 ,
324 755 365 818 R.
382 755 427 818 P:
437 755 527 818 Dour.
544 756 641 840 ltunp
664 753 776 820 Cellier
798 752 839 820 Ο.
856 753 890 820 S.
906 755 945 818 B.
970 756 1050 840 (nat.
1066 755 1253 822 Barledueii
1271 762 1363 843 1688,

224 867 246 948 †
267 867 362 950 1761)
385 866 418 930 in
441 887 508 949 op.:
532 865 676 930 Histoire
700 865 859 932 Gerre'rale
883 865 940 932 des
963 869 1105 932 Auteurs
1129 874 1237 935 sacre's
1260 881 1292 936 et
1313 877 1362 938 ee-

224 977 444 1062 clesiastiques
467 988 526 1052 ete.
561 978 693 1044 Parisiis
719 979 812 1043 1740.
846 977 938 1042 Tom.
961 979 1057 1045 VIII.
1081 1003 1149 1063 cap.
1174 981 1268 1047 VIH.
1289 1008 1319 1048 n.
1343 989 1358 1050 1

224 1097 257 1154 et
277 1093 308 1156 2.
331 1112 404 1176 pag.
427 1092 491 1156 462
514 1092 547 1155 in
574 1091 662 1156 attio.
691 1091 747 1175 qui
773 1091 970 1157 inscribitur:
1017 1092 1124 1173 „Zeno
1147 1093 1358 1161 Veronensis“

225 1200 423 1268 demonstrat
444 1202 606 1268 Zenonem
629 1213 802 1289 martyrem
824 1227 888 1268 non
910 1227 981 1268 esse
1003 1203 1189 1270 vocandum
1216 1204 1354 1297 Dubium

225 1337 296 1380 esse
323 1338 363 1378 an
389 1314 632 1398 qualiscumque
660 1315 765 1380 serino
799 1339 923 1399 eorum,
957 1318 1011 1400 qui
1045 1317 1106 1382 sub
1138 1320 1206 1403 ejus
1236 1319 1354 1384 nomine

225 1426 290 1492 sint
306 1425 395 1508 editi,
417 1426 492 1491 lr'uic
514 1428 636 1492 auctori
659 1429 701 1492 sit
723 1428 945 1494 attribuendus
969 1431 1017 1513 (n.·
1032 1432 1061 1493 2.
1086 1451 1158 1514 pag.
1175 1432 1265 1515 473),
1289 1431 1360 1514 quia

225 1562 328 1623 neque
352 1539 584 1625 Hieronymus,
616 1563 720 1622 neque
744 1523 947 1624 Gennadius,
980 1564 1084 1624 neque
1116 1541 1197 1606 alins
1229 1543 1362 1626 scriptor

224 1651 375 1736 antiquus
398 1675 452 1718 eos
476 1653 781 1734 commemoraverit,
804 1653 991 1720 nullomodo
1006 1662 1111 1718 tamen
1127 1653 1364 1719 assentiendum

225 1787 295 1828 esse
318 1765 407 1849 (pag.
429 1765 510 1849 464)
533 1765 588 1846 iis,
620 1764 676 1847 qui
707 1779 866 1829 auctorem
890 1764 1147 1830 Zenonianorum
1173 1776 1364 1836 tractatuum

223 1875 317 1940 tertio
341 1875 468 1940 saeculo
491 1876 609 1940 vixisse
633 1869 789 1958 dictitent,
812 1899 961 1962 magnam
984 1886 1106 1960 partem
1130 1887 1235 1942 autern
1256 1901 1365 1944 eorum

224 2011 264 2052 ex
283 1987 409 2052 Hilario
432 1997 464 2052 et
485 1987 609 2052 Basilio
632 1988 861 2071 scriptasesse
883 1988 962 2052 nulli
983 1989 1148 2074 subjacere
1170 1989 1281 2055 dubio.

322 2102 411 2166 Inter
433 2109 481 2164 tot
502 2110 535 2164 et
556 2110 621 2164 tarn
643 2099 788 2166 diversas
812 2100 993 2166 criticorum
1013 2101 1159 2187 judicum
1186 2103 1366 2186 opiniones,

223 2214 346 2301 nullum
375 2222 497 2306 certum
520 2212 678 2300 judicium
705 2213 774 2278 fieri
807 2215 925 2295 potuit,
956 2215 1145 2299 praesertim
1176 2237 1277 2298 quum
1311 2217 1368 2280 hae

223 2327 329 2391 variae
351 2327 517 2411 opiniones
540 2323 752 2390 haereditario
775 2323 915 2416 quodam
938 2325 1035 2390 modo
1057 2351 1098 2392 ex
1125 2326 1195 2390 aliis
1224 2328 1257 2392 in
1287 2329 1367 2394 alios

222 2437 552 2524 transgrediebantur,
586 2447 618 2502 et
648 2460 844 2521 quamquam
866 2438 948 2502 inter
969 2437 1027 2503 has
1049 2439 1267 2504 vacillationes
1293 2463 1367 2527 pas·

224 2550 285 2616 sim
308 2551 473 2636 opiniones
496 2552 580 2640 viam
597 2549 638 2616 ad
653 2551 817 2616 veritatem
834 2551 895 2616 sibi
910 2551 1104 2638 aperiebant,
1126 2562 1232 2617 tamen
1248 2553 1368 2618 multae

201 2677 202 2682 ’
224 2659 439 2729 dubitationes
456 2665 636 2748 obstabant,
653 2688 735 2748 quae
749 2665 930 2730 necessario
942 2689 959 2729 e
971 2664 1077 2730 medio
1092 2663 1251 2730 tollendae
1266 2675 1368 2747 erant,

223 2785 259 2838 ut
281 2777 398 2861 optatis
421 2777 609 2860 responderi
631 2778 743 2861 possit.
790 2775 882 2857 Quae
906 2799 1005 2860 quum
1027 2778 1073 2841 ita
1088 2786 1204 2859 essent,
1228 2778 1289 2842 sub
1305 2779 1366 2842 ini-

1486 2221 1489 2280 t

222 2887 303 2952 tium
324 2889 487 2972 praeteriti
510 2889 629 2953 saeculi
652 2889 797 2974 aggressi
821 2898 895 2952 sunt
916 2887 958 2952 ad
981 2911 1062 2972 opus
1085 2896 1149 2950 tres
1177 2888 1237 2950 viri
1259 2888 1365 2954 Vero·
1486 2939 1487 2954 ,

223 3019 337 3062 nenses
361 2997 471 3082 Scipio
493 2999 660 3084 Maffejus,
693 3000 748 3082 qui
779 2999 901 3080 primus
933 3007 1053 3061 rectam
1075 2998 1195 3060 invenit
1223 2998 1308 3062 mam
1333 3011 1367 3064 et

222 3112 335 3178 fratres
357 3110 537 3194 Ballerinii,
561 3109 616 3193 qui
639 3132 705 3172 rem
728 3109 821 3192 plane
845 3108 963 3172 claram
986 3109 1137 3172 lecerunt.

322 3226 513 3290 Franciscus
535 3223 644 3309 Scipio
666 3222 819 3308 Moffejus
841 3221 919 3304 (nat.
943 3220 1027 3286 1675
1043 3220 1201 3304 Veronae,
1225 3224 1364 3309 †1755)

216 3360 271 3423 van.
298 3314 383 3404 172'0
413 3335 581 3421 epistolam
615 3332 657 3398 ad
694 3331 848 3398 editorem
886 3333 992 3417 operis
1025 3332 1159 3420 Ughelli
1189 3334 1364 3400 Nicolaum

223 3447 373 3516 Coletum
396 3448 538 3532 scripsit,
561 3448 742 3514 necessario
764 3444 958 3510 monendum
982 3469 1052 3514 esse
1075 3456 1190 3532 putans
1213 3445 1363 3512 lectorem

222 3560 263 3626 de
294 3562 403 3628 multis
435 3561 610 3642 erroribuS,
643 3560 699 3644 qui
729 3560 763 3623 in
795 3582 876 3645 opus
903 3557 1040 3645 'Ughelli
1074 3560 1274 3641 irrepserant.
1323 3559 1363 3622 In

221 3671 281 3738 hac
304 3673 453 3758 epistola,
482 3681 563 3758 quae
586 3672 676 3737 Tem.
700 3671 741 3734 V.
766 3694 838 3757 pag.
860 3672 923 3738 672
947 3695 994 3757 sq.
1018 3672 1107 3757 prelo
1130 3669 1282 3736 mandata
1304 3681 1362 3752 est,
1483 3691 1484 3710 ¹

223 3785 408 3873 rhythmum
425 3785 516 3850 illum
533 3783 572 3852 de
583 3784 730 3850 Veronae
745 3782 895 3850 laudibus
910 3785 1031 3870 profert
1045 3783 1209 3869 Maffejus,
1231 3783 1361 3848 demon-

221 3906 341 3980 strans,
374 3897 534 3963 Zenonem
567 3898 649 3962 inter
680 3921 729 3962 an.
758 3899 823 3964 360
849 3908 881 3962 et
907 3899 973 3963 380
998 3895 1176 3961 Veronensi
1210 3895 1361 3961 ecclesiae

220 4010 410 4093 praefuisse
443 4033 515 4095 pag.
533 4012 604 4090 ,696
636 4011 718 4085 inter:
748 4010 897 4076 fabellas
911 4009 1007 4074 refert
1035 4007 1134 4072 illam‘
1156 4032 1175 4072 a
1201 4007 1359 4072 nonnullis
1481 3997 1482 4000 ¹

221 4120 382 4188 historicis
415 4122 530 4188 iterum
564 4145 602 4188 ac
628 4122 756 4207 saepius
778 4121 950 4209 repetitam
976 4119 1188 4186 narrationem
1211 4118 1252 4186 de
1274 4110 1359 4186 oom-

221 4232 339 4298 meroio
360 4233 517 4320 Euprepii
539 4244 571 4299 et
592 4234 681 4298 Petri
702 4233 868 4317 Apostoli,
891 4230 1068 4296 luculenter
1091 4231 1272 4312 ostendens,
1297 4230 1359 4316 pri·

220 4367 309 4412 mum
331 4346 518 4434 episcopum
540 4346 760 4414 Veronensem
782 4343 889 4410 medio
912 4344 1039 4410 saeculo
1052 4339 1155 4410 ¹tertio
1176 4342 1357 4429 ponendum
