<?xml version="1.0" encoding="UTF-8"?>
<!DOCTYPE html PUBLIC "-//W3C//DTD XHTML 1.0 Transitional//EN"
    "http://www.w3.org/TR/xhtml1/DTD/xhtml1-transitional.dtd">
<html xmlns="http://www.w3.org/1999/xhtml" xml:lang="en" lang="en">
 <head>
  <title>
</title>
<meta http-equiv="Content-Type" content="text/html;charset=utf-8" />
  <meta name='ocr-system' content='tesseract 3.04.00' />
  <meta name='ocr-capabilities' content='ocr_page ocr_carea ocr_par ocr_line ocrx_word'/>
</head>
<body>
  <div class='ocr_page' id='page_1' title='image "./zenoveronensise00jazdgoog_0063.png"; bbox 0 0 3012 4936; ppageno 0'>
   <div class='ocr_carea' id='block_1_1' title="bbox 763 237 804 306">
    <p class='ocr_par' dir='ltr' id='par_1_1' title="bbox 763 237 804 306">
     <span class='ocr_line' id='line_1_1' title="bbox 763 237 804 306; baseline 0.049 -2"><span class='ocrx_word' id='word_1_1' title='bbox 763 237 804 306; x_wconf 80' lang='lat' dir='ltr'>ts</span> 
     </span>
    </p>
   </div>
   <div class='ocr_carea' id='block_1_2' title="bbox 216 393 1355 818">
    <p class='ocr_par' dir='ltr' id='par_1_2' title="bbox 216 393 1355 818">
     <span class='ocr_line' id='line_1_2' title="bbox 217 393 1352 484; baseline 0.005 -26"><span class='ocrx_word' id='word_1_2' title='bbox 217 393 349 460; x_wconf 83' lang='lat' dir='ltr'>stituit.“</span> <span class='ocrx_word' id='word_1_3' title='bbox 403 395 481 465; x_wconf 68' lang='lat' dir='ltr'>«lam</span> <span class='ocrx_word' id='word_1_4' title='bbox 518 407 644 462; x_wconf 86' lang='lat' dir='ltr'>vetusta</span> <span class='ocrx_word' id='word_1_5' title='bbox 680 397 777 484; x_wconf 83' lang='lat' dir='ltr'>igitur</span> <span class='ocrx_word' id='word_1_6' title='bbox 816 397 923 484; x_wconf 82' lang='lat' dir='ltr'>praxis</span> <span class='ocrx_word' id='word_1_7' title='bbox 959 396 1127 464; x_wconf 75' lang='lat' dir='ltr'>Ecclesiae</span> <span class='ocrx_word' id='word_1_8' title='bbox 1160 397 1352 464; x_wconf 80' lang='lat' dir='ltr'>Veronensis</span> 
     </span>
     <span class='ocr_line' id='line_1_3' title="bbox 217 503 1352 596; baseline 0.004 -26"><span class='ocrx_word' id='word_1_9' title='bbox 217 503 428 591; x_wconf 84' lang='lat' dir='ltr'>demonstrat,</span> <span class='ocrx_word' id='word_1_10' title='bbox 452 507 493 574; x_wconf 92' lang='lat' dir='ltr'>de</span> <span class='ocrx_word' id='word_1_11' title='bbox 514 511 667 596; x_wconf 87' lang='lat' dir='ltr'>martyrio</span> <span class='ocrx_word' id='word_1_12' title='bbox 690 509 829 576; x_wconf 79' lang='lat' dir='ltr'>Zenonis</span> <span class='ocrx_word' id='word_1_13' title='bbox 850 509 972 576; x_wconf 77' lang='lat' dir='ltr'>nullm</span> <span class='ocrx_word' id='word_1_14' title='bbox 994 509 1218 576; x_wconf 79' lang='lat' dir='ltr'><strong>certitudinem</strong></span> <span class='ocrx_word' id='word_1_15' title='bbox 1239 511 1352 576; x_wconf 82' lang='lat' dir='ltr'>luisse:</span> 
     </span>
     <span class='ocr_line' id='line_1_4' title="bbox 216 619 1355 714; baseline 0.003 -29"><span class='ocrx_word' id='word_1_16' title='bbox 216 642 313 706; x_wconf 90' lang='lat' dir='ltr'>quam</span> <span class='ocrx_word' id='word_1_17' title='bbox 339 619 380 685; x_wconf 93' lang='lat' dir='ltr'>ob</span> <span class='ocrx_word' id='word_1_18' title='bbox 408 643 476 686; x_wconf 90' lang='lat' dir='ltr'>rem</span> <span class='ocrx_word' id='word_1_19' title='bbox 502 631 608 714; x_wconf 83' lang='lat' dir='ltr'>tamen</span> <span class='ocrx_word' id='word_1_20' title='bbox 639 621 825 708; x_wconf 89' lang='lat' dir='ltr'>martyrium</span> <span class='ocrx_word' id='word_1_21' title='bbox 857 621 952 708; x_wconf 89' lang='lat' dir='ltr'>hujus</span> <span class='ocrx_word' id='word_1_22' title='bbox 984 623 1128 709; x_wconf 79' lang='lat' dir='ltr'>episcopi</span> <span class='ocrx_word' id='word_1_23' title='bbox 1157 631 1206 687; x_wconf 89' lang='lat' dir='ltr'>tot</span> <span class='ocrx_word' id='word_1_24' title='bbox 1236 623 1355 688; x_wconf 84' lang='lat' dir='ltr'>invenit</span> 
     </span>
     <span class='ocr_line' id='line_1_5' title="bbox 216 732 895 818; baseline -0.004 -19"><span class='ocrx_word' id='word_1_25' title='bbox 216 742 390 800; x_wconf 75' lang='lat' dir='ltr'>assertores</span> <span class='ocrx_word' id='word_1_26' title='bbox 413 733 683 818; x_wconf 82' lang='lat' dir='ltr'>exsequentibus</span> <span class='ocrx_word' id='word_1_27' title='bbox 706 732 895 812; x_wconf 84' lang='lat' dir='ltr'>videbimus.</span> 
     </span>
    </p>
   </div>
   <div class='ocr_carea' id='block_1_3' title="bbox 650 997 909 1073">
    <p class='ocr_par' dir='ltr' id='par_1_3' title="bbox 650 997 909 1073">
     <span class='ocr_line' id='line_1_6' title="bbox 650 997 909 1073; baseline -0.004 -1"><span class='ocrx_word' id='word_1_28' title='bbox 650 997 865 1073; x_wconf 69' lang='lat' dir='ltr'>&#39;liumus</span> <span class='ocrx_word' id='word_1_29' title='bbox 887 999 909 1072; x_wconf 93' lang='lat' dir='ltr'>l.</span> 
     </span>
    </p>
   </div>
   <div class='ocr_carea' id='block_1_4' title="bbox 280 1103 1253 1166">
    <p class='ocr_par' dir='ltr' id='par_1_4' title="bbox 280 1103 1253 1166">
     <span class='ocr_line' id='line_1_7' title="bbox 280 1103 1253 1166; baseline 0.001 -2"><span class='ocrx_word' id='word_1_30' title='bbox 280 1139 285 1150; x_wconf 86' lang='lat'>·</span> <span class='ocrx_word' id='word_1_31' title='bbox 325 1117 615 1166; x_wconf 68' lang='lat' dir='ltr'>&#39;cassinoillum</span> <span class='ocrx_word' id='word_1_32' title='bbox 634 1118 809 1166; x_wconf 69' lang='lat' dir='ltr'>nantuato</span> <span class='ocrx_word' id='word_1_33' title='bbox 829 1103 975 1166; x_wconf 70' lang='lat' dir='ltr'>annonis</span> <span class='ocrx_word' id='word_1_34' title='bbox 995 1119 1253 1166; x_wconf 67' lang='lat' dir='ltr'>amianarum</span> 
     </span>
    </p>
   </div>
   <div class='ocr_carea' id='block_1_5' title="bbox 740 1281 822 1364">
    <p class='ocr_par' dir='ltr' id='par_1_5' title="bbox 740 1281 822 1364">
     <span class='ocr_line' id='line_1_8' title="bbox 740 1281 822 1364; baseline -0.024 -20"><span class='ocrx_word' id='word_1_35' title='bbox 740 1282 768 1364; x_wconf 71' lang='lat' dir='ltr'>s.</span> <span class='ocrx_word' id='word_1_36' title='bbox 795 1281 822 1344; x_wconf 91' lang='lat'>1.</span> 
     </span>
    </p>
   </div>
   <div class='ocr_carea' id='block_1_6' title="bbox 215 1393 1359 1566">
    <p class='ocr_par' dir='ltr' id='par_1_6' title="bbox 215 1393 1359 1566">
     <span class='ocr_line' id='line_1_9' title="bbox 215 1393 1359 1473; baseline 0.002 -21"><span class='ocrx_word' id='word_1_37' title='bbox 215 1393 347 1454; x_wconf 77' lang='lat' dir='ltr'><em>Nomina</em></span> <span class='ocrx_word' id='word_1_38' title='bbox 361 1393 570 1472; x_wconf 76' lang='lat' dir='ltr'>Conseruarum</span> <span class='ocrx_word' id='word_1_39' title='bbox 582 1401 609 1453; x_wconf 87' lang='lat' dir='ltr'>et</span> <span class='ocrx_word' id='word_1_40' title='bbox 622 1395 975 1473; x_wconf 73' lang='lat' dir='ltr'>Martyruneuocpiaeimc</span> <span class='ocrx_word' id='word_1_41' title='bbox 986 1397 1069 1472; x_wconf 81' lang='lat' dir='ltr'>apud</span> <span class='ocrx_word' id='word_1_42' title='bbox 1080 1401 1187 1454; x_wconf 81' lang='lat' dir='ltr'>veteres</span> <span class='ocrx_word' id='word_1_43' title='bbox 1198 1396 1359 1471; x_wconf 70' lang='lat' dir='ltr'>scriptores</span> 
     </span>
     <span class='ocr_line' id='line_1_10' title="bbox 564 1491 1011 1566; baseline -0.002 -17"><span class='ocrx_word' id='word_1_44' title='bbox 564 1491 690 1566; x_wconf 80' lang='lat' dir='ltr'>confusa</span> <span class='ocrx_word' id='word_1_45' title='bbox 707 1511 767 1552; x_wconf 79' lang='lat' dir='ltr'>esse</span> <span class='ocrx_word' id='word_1_46' title='bbox 785 1491 1011 1551; x_wconf 80' lang='lat' dir='ltr'>demonstratur.</span> 
     </span>
    </p>
   </div>
   <div class='ocr_carea' id='block_1_7' title="bbox 316 1631 1358 1717">
    <p class='ocr_par' dir='ltr' id='par_1_7' title="bbox 316 1631 1358 1717">
     <span class='ocr_line' id='line_1_11' title="bbox 316 1631 1358 1717; baseline 0.002 -21"><span class='ocrx_word' id='word_1_47' title='bbox 316 1631 467 1697; x_wconf 82' lang='lat' dir='ltr'>Faventis</span> <span class='ocrx_word' id='word_1_48' title='bbox 495 1632 588 1698; x_wconf 92' lang='lat' dir='ltr'>nobis</span> <span class='ocrx_word' id='word_1_49' title='bbox 615 1636 790 1699; x_wconf 83' lang='lat' dir='ltr'>sententiae</span> <span class='ocrx_word' id='word_1_50' title='bbox 823 1632 919 1699; x_wconf 89' lang='lat' dir='ltr'>cardo</span> <span class='ocrx_word' id='word_1_51' title='bbox 951 1633 984 1697; x_wconf 93' lang='lat' dir='ltr'>in</span> <span class='ocrx_word' id='word_1_52' title='bbox 1016 1657 1054 1698; x_wconf 91' lang='lat' dir='ltr'>eo</span> <span class='ocrx_word' id='word_1_53' title='bbox 1087 1633 1234 1715; x_wconf 84' lang='lat' dir='ltr'>vertitur,</span> <span class='ocrx_word' id='word_1_54' title='bbox 1268 1633 1358 1717; x_wconf 90' lang='lat' dir='ltr'>quod</span> 
     </span>
    </p>
   </div>
   <div class='ocr_carea' id='block_1_8' title="bbox 214 1742 1385 4418">
    <p class='ocr_par' dir='ltr' id='par_1_8' title="bbox 214 1742 1385 4418">
     <span class='ocr_line' id='line_1_12' title="bbox 216 1742 1357 1836; baseline 0.004 -30"><span class='ocrx_word' id='word_1_55' title='bbox 216 1742 317 1807; x_wconf 89' lang='lat' dir='ltr'>multo</span> <span class='ocrx_word' id='word_1_56' title='bbox 339 1743 432 1829; x_wconf 89' lang='lat' dir='ltr'>plura</span> <span class='ocrx_word' id='word_1_57' title='bbox 454 1753 486 1808; x_wconf 89' lang='lat' dir='ltr'>et</span> <span class='ocrx_word' id='word_1_58' title='bbox 507 1746 655 1830; x_wconf 82' lang='lat' dir='ltr'>graviora</span> <span class='ocrx_word' id='word_1_59' title='bbox 676 1746 859 1836; x_wconf 85' lang='lat' dir='ltr'>testimonia</span> <span class='ocrx_word' id='word_1_60' title='bbox 880 1753 987 1809; x_wconf 87' lang='lat' dir='ltr'>vetera</span> <span class='ocrx_word' id='word_1_61' title='bbox 1009 1745 1180 1829; x_wconf 79' lang='lat' dir='ltr'>praecipue</span> <span class='ocrx_word' id='word_1_62' title='bbox 1202 1745 1357 1810; x_wconf 85' lang='lat' dir='ltr'>ecclesiae</span> 
     </span>
     <span class='ocr_line' id='line_1_13' title="bbox 216 1847 1357 1944; baseline 0.004 -27"><span class='ocrx_word' id='word_1_63' title='bbox 216 1851 412 1921; x_wconf 87' lang='lat' dir='ltr'>Veronensis</span> <span class='ocrx_word' id='word_1_64' title='bbox 435 1854 662 1923; x_wconf 90' lang='lat' dir='ltr'>Confessorem</span> <span class='ocrx_word' id='word_1_65' title='bbox 685 1857 846 1922; x_wconf 82' lang='lat' dir='ltr'>Zenonem</span> <span class='ocrx_word' id='word_1_66' title='bbox 878 1867 1077 1943; x_wconf 90' lang='lat' dir='ltr'>nuncupant,</span> <span class='ocrx_word' id='word_1_67' title='bbox 1108 1847 1211 1944; x_wconf 80' lang='lat' dir='ltr'>pauca</span> <span class='ocrx_word' id='word_1_68' title='bbox 1232 1865 1357 1923; x_wconf 89' lang='lat' dir='ltr'>tautum</span> 
     </span>
     <span class='ocr_line' id='line_1_14' title="bbox 216 1955 1354 2056; baseline 0.003 -24"><span class='ocrx_word' id='word_1_69' title='bbox 216 1975 248 2032; x_wconf 88' lang='lat' dir='ltr'>et</span> <span class='ocrx_word' id='word_1_70' title='bbox 263 1966 368 2032; x_wconf 88' lang='lat' dir='ltr'>minus</span> <span class='ocrx_word' id='word_1_71' title='bbox 391 1968 501 2054; x_wconf 84' lang='lat' dir='ltr'>gravia</span> <span class='ocrx_word' id='word_1_72' title='bbox 523 1955 698 2056; x_wconf 82' lang='lat' dir='ltr'>martyrem</span> <span class='ocrx_word' id='word_1_73' title='bbox 718 1977 843 2037; x_wconf 89' lang='lat' dir='ltr'>vocant.</span> <span class='ocrx_word' id='word_1_74' title='bbox 889 1959 988 2050; x_wconf 80' lang='lat' dir='ltr'>Quod</span> <span class='ocrx_word' id='word_1_75' title='bbox 1011 1979 1116 2035; x_wconf 89' lang='lat' dir='ltr'>autem</span> <span class='ocrx_word' id='word_1_76' title='bbox 1134 1969 1211 2036; x_wconf 83' lang='lat' dir='ltr'>talis</span> <span class='ocrx_word' id='word_1_77' title='bbox 1234 1967 1354 2037; x_wconf 88' lang='lat' dir='ltr'>discre-</span> 
     </span>
     <span class='ocr_line' id='line_1_15' title="bbox 215 2069 1355 2169; baseline 0.004 -26"><span class='ocrx_word' id='word_1_78' title='bbox 215 2079 325 2164; x_wconf 87' lang='lat' dir='ltr'>pantia</span> <span class='ocrx_word' id='word_1_79' title='bbox 347 2080 380 2143; x_wconf 91' lang='lat' dir='ltr'>in</span> <span class='ocrx_word' id='word_1_80' title='bbox 406 2079 500 2144; x_wconf 92' lang='lat' dir='ltr'>titulo</span> <span class='ocrx_word' id='word_1_81' title='bbox 523 2079 645 2146; x_wconf 86' lang='lat' dir='ltr'>Zenoni</span> <span class='ocrx_word' id='word_1_82' title='bbox 672 2069 874 2146; x_wconf 84' lang='lat' dir='ltr'>attribuendo</span> <span class='ocrx_word' id='word_1_83' title='bbox 902 2083 952 2147; x_wconf 83' lang='lat' dir='ltr'>¹est</span> <span class='ocrx_word' id='word_1_84' title='bbox 980 2083 1172 2169; x_wconf 89' lang='lat' dir='ltr'>conspicua,</span> <span class='ocrx_word' id='word_1_85' title='bbox 1200 2081 1234 2148; x_wconf 87' lang='lat' dir='ltr'>id</span> <span class='ocrx_word' id='word_1_86' title='bbox 1256 2105 1296 2147; x_wconf 86' lang='lat' dir='ltr'>ex</span> <span class='ocrx_word' id='word_1_87' title='bbox 1318 2107 1355 2147; x_wconf 89' lang='lat' dir='ltr'>ea</span> 
     </span>
     <span class='ocr_line' id='line_1_16' title="bbox 216 2179 1350 2280; baseline -0.001 -22"><span class='ocrx_word' id='word_1_88' title='bbox 216 2191 386 2278; x_wconf 75' lang='lat' dir='ltr'>praecipue</span> <span class='ocrx_word' id='word_1_89' title='bbox 420 2191 658 2258; x_wconf 87' lang='lat' dir='ltr'>circumstantia</span> <span class='ocrx_word' id='word_1_90' title='bbox 691 2179 877 2277; x_wconf 84' lang='lat' dir='ltr'>provenisse</span> <span class='ocrx_word' id='word_1_91' title='bbox 910 2194 1051 2277; x_wconf 87' lang='lat' dir='ltr'>videtur,</span> <span class='ocrx_word' id='word_1_92' title='bbox 1090 2194 1178 2279; x_wconf 90' lang='lat' dir='ltr'>quod</span> <span class='ocrx_word' id='word_1_93' title='bbox 1215 2193 1350 2280; x_wconf 83' lang='lat' dir='ltr'>antiquis</span> 
     </span>
     <span class='ocr_line' id='line_1_17' title="bbox 214 2304 1347 2394; baseline 0.001 -25"><span class='ocrx_word' id='word_1_94' title='bbox 214 2304 412 2391; x_wconf 86' lang='lat' dir='ltr'>temporibus</span> <span class='ocrx_word' id='word_1_95' title='bbox 434 2305 591 2371; x_wconf 85' lang='lat' dir='ltr'>vocabula</span> <span class='ocrx_word' id='word_1_96' title='bbox 613 2305 768 2392; x_wconf 89' lang='lat' dir='ltr'>Martyris</span> <span class='ocrx_word' id='word_1_97' title='bbox 791 2315 823 2372; x_wconf 89' lang='lat' dir='ltr'>et</span> <span class='ocrx_word' id='word_1_98' title='bbox 842 2304 1046 2374; x_wconf 86' lang='lat' dir='ltr'>Confessoris</span> <span class='ocrx_word' id='word_1_99' title='bbox 1070 2308 1256 2394; x_wconf 84' lang='lat' dir='ltr'>saepissime</span> <span class='ocrx_word' id='word_1_100' title='bbox 1278 2329 1347 2372; x_wconf 89' lang='lat' dir='ltr'>con·</span> 
     </span>
     <span class='ocr_line' id='line_1_18' title="bbox 214 2394 1351 2506; baseline 0.004 -26"><span class='ocrx_word' id='word_1_101' title='bbox 214 2414 441 2495; x_wconf 81' lang='lat' dir='ltr'>fundebantur3</span> <span class='ocrx_word' id='word_1_102' title='bbox 473 2417 586 2482; x_wconf 88' lang='lat' dir='ltr'>titulus</span> <span class='ocrx_word' id='word_1_103' title='bbox 602 2409 764 2505; x_wconf 74' lang='lat' dir='ltr'>&#39;Martyris</span> <span class='ocrx_word' id='word_1_104' title='bbox 796 2397 855 2505; x_wconf 83' lang='lat' dir='ltr'>per</span> <span class='ocrx_word' id='word_1_105' title='bbox 877 2419 973 2484; x_wconf 88' lang='lat' dir='ltr'>talem</span> <span class='ocrx_word' id='word_1_106' title='bbox 1000 2394 1266 2506; x_wconf 79' lang='lat' dir='ltr'>permutationem</span> <span class='ocrx_word' id='word_1_107' title='bbox 1294 2418 1351 2484; x_wconf 86' lang='lat' dir='ltr'>Ze·</span> 
     </span>
     <span class='ocr_line' id='line_1_19' title="bbox 215 2513 1354 2618; baseline 0.001 -24"><span class='ocrx_word' id='word_1_108' title='bbox 215 2528 290 2594; x_wconf 91' lang='lat' dir='ltr'>noui</span> <span class='ocrx_word' id='word_1_109' title='bbox 312 2528 450 2596; x_wconf 89' lang='lat' dir='ltr'>tributus</span> <span class='ocrx_word' id='word_1_110' title='bbox 474 2528 684 2596; x_wconf 89' lang='lat' dir='ltr'>haereditario</span> <span class='ocrx_word' id='word_1_111' title='bbox 712 2513 809 2597; x_wconf 84' lang='lat' dir='ltr'>modo</span> <span class='ocrx_word' id='word_1_112' title='bbox 833 2513 907 2599; x_wconf 91' lang='lat' dir='ltr'>sese</span> <span class='ocrx_word' id='word_1_113' title='bbox 934 2533 967 2596; x_wconf 90' lang='lat' dir='ltr'>in</span> <span class='ocrx_word' id='word_1_114' title='bbox 993 2533 1212 2618; x_wconf 81' lang='lat' dir='ltr'>posteritatem</span> <span class='ocrx_word' id='word_1_115' title='bbox 1238 2533 1354 2618; x_wconf 84' lang='lat' dir='ltr'>propa·</span> 
     </span>
     <span class='ocr_line' id='line_1_20' title="bbox 215 2639 1355 2740; baseline 0.002 -34"><span class='ocrx_word' id='word_1_116' title='bbox 215 2642 304 2730; x_wconf 82' lang='lat' dir='ltr'>gavit</span> <span class='ocrx_word' id='word_1_117' title='bbox 326 2639 373 2693; x_wconf 77' lang='grc'>-’</span> <span class='ocrx_word' id='word_1_118' title='bbox 391 2642 468 2711; x_wconf 88' lang='lat' dir='ltr'>dum</span> <span class='ocrx_word' id='word_1_119' title='bbox 491 2643 583 2709; x_wconf 90' lang='lat' dir='ltr'>multi</span> <span class='ocrx_word' id='word_1_120' title='bbox 610 2642 754 2711; x_wconf 86' lang='lat' dir='ltr'>historici</span> <span class='ocrx_word' id='word_1_121' title='bbox 780 2646 947 2740; x_wconf 74' lang='lat' dir='ltr'>ueritatem</span> <span class='ocrx_word' id='word_1_122' title='bbox 973 2645 1159 2712; x_wconf 83' lang='lat' dir='ltr'>historicam</span> <span class='ocrx_word' id='word_1_123' title='bbox 1186 2652 1355 2728; x_wconf 87' lang='lat' dir='ltr'>sequentes</span> 
     </span>
     <span class='ocr_line' id='line_1_21' title="bbox 216 2754 1357 2843; baseline 0 -23"><span class='ocrx_word' id='word_1_124' title='bbox 216 2764 249 2820; x_wconf 91' lang='lat' dir='ltr'>et</span> <span class='ocrx_word' id='word_1_125' title='bbox 263 2754 459 2822; x_wconf 84' lang='lat' dir='ltr'>Veronensis</span> <span class='ocrx_word' id='word_1_126' title='bbox 477 2757 631 2822; x_wconf 89' lang='lat' dir='ltr'>ecclesiae</span> <span class='ocrx_word' id='word_1_127' title='bbox 654 2758 778 2841; x_wconf 90' lang='lat' dir='ltr'>praxim</span> <span class='ocrx_word' id='word_1_128' title='bbox 801 2759 1018 2843; x_wconf 81' lang='lat' dir='ltr'>respicientes,</span> <span class='ocrx_word' id='word_1_129' title='bbox 1041 2756 1267 2826; x_wconf 86' lang='lat' dir='ltr'>Confessorem</span> <span class='ocrx_word' id='word_1_130' title='bbox 1283 2777 1357 2820; x_wconf 90' lang='lat' dir='ltr'>eum</span> 
     </span>
     <span class='ocr_line' id='line_1_22' title="bbox 215 2856 1358 2953; baseline 0.001 -24"><span class='ocrx_word' id='word_1_131' title='bbox 215 2866 382 2930; x_wconf 82' lang='lat' dir='ltr'>vocabant.</span> <span class='ocrx_word' id='word_1_132' title='bbox 426 2856 589 2953; x_wconf 85' lang='lat' dir='ltr'>Martyres</span> <span class='ocrx_word' id='word_1_133' title='bbox 613 2866 762 2933; x_wconf 87' lang='lat' dir='ltr'>dicuntur</span> <span class='ocrx_word' id='word_1_134' title='bbox 789 2869 884 2933; x_wconf 89' lang='lat' dir='ltr'>hodie</span> <span class='ocrx_word' id='word_1_135' title='bbox 911 2879 1035 2934; x_wconf 87' lang='lat' dir='ltr'>tantum</span> <span class='ocrx_word' id='word_1_136' title='bbox 1063 2869 1105 2948; x_wconf 74' lang='lat' dir='ltr'>ii,</span> <span class='ocrx_word' id='word_1_137' title='bbox 1133 2861 1189 2950; x_wconf 88' lang='lat' dir='ltr'>qui</span> <span class='ocrx_word' id='word_1_138' title='bbox 1221 2875 1358 2930; x_wconf 85' lang='lat' dir='ltr'>mortem</span> 
     </span>
     <span class='ocr_line' id='line_1_23' title="bbox 217 2964 1356 3064; baseline -0.004 -22"><span class='ocrx_word' id='word_1_139' title='bbox 217 2984 292 3042; x_wconf 85' lang='lat' dir='ltr'>sunt</span> <span class='ocrx_word' id='word_1_140' title='bbox 313 2999 371 3061; x_wconf 90' lang='lat' dir='ltr'>pro</span> <span class='ocrx_word' id='word_1_141' title='bbox 394 2977 521 3044; x_wconf 84' lang='lat' dir='ltr'>nornine</span> <span class='ocrx_word' id='word_1_142' title='bbox 538 2975 660 3046; x_wconf 80' lang='lat' dir='ltr'>Christi</span> <span class='ocrx_word' id='word_1_143' title='bbox 682 2979 784 3064; x_wconf 85' lang='lat' dir='ltr'>passi:</span> <span class='ocrx_word' id='word_1_144' title='bbox 808 2988 840 3042; x_wconf 88' lang='lat' dir='ltr'>at</span> <span class='ocrx_word' id='word_1_145' title='bbox 861 2979 895 3042; x_wconf 90' lang='lat' dir='ltr'>in</span> <span class='ocrx_word' id='word_1_146' title='bbox 916 2964 1209 3062; x_wconf 63' lang='lat' dir='ltr'>primis&#39;Ecclesiae</span> <span class='ocrx_word' id='word_1_147' title='bbox 1231 2984 1356 3055; x_wconf 88' lang='lat' dir='ltr'>tempo-</span> 
     </span>
     <span class='ocr_line' id='line_1_24' title="bbox 215 3063 1356 3176; baseline -0.004 -22"><span class='ocrx_word' id='word_1_148' title='bbox 215 3087 314 3172; x_wconf 84' lang='lat' dir='ltr'>ribus,</span> <span class='ocrx_word' id='word_1_149' title='bbox 336 3098 493 3176; x_wconf 82' lang='lat' dir='ltr'>martyres</span> <span class='ocrx_word' id='word_1_150' title='bbox 517 3087 706 3154; x_wconf 81' lang='lat' dir='ltr'>dicebantur</span> <span class='ocrx_word' id='word_1_151' title='bbox 728 3113 791 3153; x_wconf 93' lang='lat' dir='ltr'>non</span> <span class='ocrx_word' id='word_1_152' title='bbox 814 3063 926 3153; x_wconf 39' lang='lat' dir='ltr'>solum·</span> <span class='ocrx_word' id='word_1_153' title='bbox 940 3089 973 3170; x_wconf 92' lang='lat' dir='ltr'>ii,</span> <span class='ocrx_word' id='word_1_154' title='bbox 997 3088 1182 3170; x_wconf 87' lang='lat' dir='ltr'>quiveram</span> <span class='ocrx_word' id='word_1_155' title='bbox 1205 3086 1356 3175; x_wconf 88' lang='lat' dir='ltr'>profiten-</span> 
     </span>
     <span class='ocr_line' id='line_1_25' title="bbox 215 3183 1357 3296; baseline -0.004 -29"><span class='ocrx_word' id='word_1_156' title='bbox 215 3212 264 3288; x_wconf 78' lang='lat' dir='ltr'>tes</span> <span class='ocrx_word' id='word_1_157' title='bbox 288 3199 474 3287; x_wconf 84' lang='lat' dir='ltr'>religionem</span> <span class='ocrx_word' id='word_1_158' title='bbox 503 3202 677 3288; x_wconf 84' lang='lat' dir='ltr'>gloriosam</span> <span class='ocrx_word' id='word_1_159' title='bbox 709 3199 843 3266; x_wconf 78' lang='lat' dir='ltr'>mortem</span> <span class='ocrx_word' id='word_1_160' title='bbox 856 3183 1105 3296; x_wconf 53' lang='lat' dir='ltr'>&#39;occubuerunt</span> <span class='ocrx_word' id='word_1_161' title='bbox 1138 3200 1196 3266; x_wconf 89' lang='lat' dir='ltr'>sed</span> <span class='ocrx_word' id='word_1_162' title='bbox 1228 3198 1357 3265; x_wconf 90' lang='lat' dir='ltr'>omnino</span> 
     </span>
     <span class='ocr_line' id='line_1_26' title="bbox 216 3295 1357 3402; baseline 0 -24"><span class='ocrx_word' id='word_1_163' title='bbox 216 3313 256 3396; x_wconf 95' lang='lat' dir='ltr'>ii,</span> <span class='ocrx_word' id='word_1_164' title='bbox 280 3313 336 3398; x_wconf 93' lang='lat' dir='ltr'>qui</span> <span class='ocrx_word' id='word_1_165' title='bbox 358 3335 416 3398; x_wconf 92' lang='lat' dir='ltr'>pro</span> <span class='ocrx_word' id='word_1_166' title='bbox 440 3313 563 3383; x_wconf 86' lang='lat' dir='ltr'>Christi</span> <span class='ocrx_word' id='word_1_167' title='bbox 587 3312 734 3379; x_wconf 90' lang='lat' dir='ltr'>doctrina</span> <span class='ocrx_word' id='word_1_168' title='bbox 755 3317 912 3378; x_wconf 87' lang='lat' dir='ltr'>tormenta</span> <span class='ocrx_word' id='word_1_169' title='bbox 934 3319 1009 3378; x_wconf 88' lang='lat' dir='ltr'>sunt</span> <span class='ocrx_word' id='word_1_170' title='bbox 1031 3295 1130 3397; x_wconf 85' lang='lat' dir='ltr'>passi.¹</span> <span class='ocrx_word' id='word_1_171' title='bbox 1173 3311 1357 3402; x_wconf 85' lang='lat' dir='ltr'>Cyprianus</span> 
     </span>
     <span class='ocr_line' id='line_1_27' title="bbox 215 3405 1356 3514; baseline 0 -23"><span class='ocrx_word' id='word_1_172' title='bbox 215 3428 249 3491; x_wconf 92' lang='lat' dir='ltr'>in</span> <span class='ocrx_word' id='word_1_173' title='bbox 270 3426 361 3514; x_wconf 89' lang='lat' dir='ltr'>epist.</span> <span class='ocrx_word' id='word_1_174' title='bbox 385 3425 426 3492; x_wconf 88' lang='lat' dir='ltr'>ad</span> <span class='ocrx_word' id='word_1_175' title='bbox 449 3425 657 3493; x_wconf 83' lang='lat' dir='ltr'>Antoninum</span> <span class='ocrx_word' id='word_1_176' title='bbox 673 3427 737 3512; x_wconf 89' lang='lat' dir='ltr'>(ep.</span> <span class='ocrx_word' id='word_1_177' title='bbox 747 3426 817 3512; x_wconf 79' lang='lat'><strong>52.)</strong></span> <span class='ocrx_word' id='word_1_178' title='bbox 840 3405 908 3510; x_wconf 80' lang='lat' dir='ltr'>cap.</span> <span class='ocrx_word' id='word_1_179' title='bbox 924 3423 1057 3492; x_wconf 89' lang='lat' dir='ltr'>XVIH.</span> <span class='ocrx_word' id='word_1_180' title='bbox 1073 3425 1113 3491; x_wconf 89' lang='lat' dir='ltr'>de</span> <span class='ocrx_word' id='word_1_181' title='bbox 1128 3415 1246 3513; x_wconf 78' lang='lat' dir='ltr'>Moyse</span> <span class='ocrx_word' id='word_1_182' title='bbox 1261 3423 1356 3491; x_wconf 89' lang='lat' dir='ltr'>Pres-</span> 
     </span>
     <span class='ocr_line' id='line_1_28' title="bbox 219 3521 1356 3628; baseline -0.004 -23"><span class='ocrx_word' id='word_1_183' title='bbox 219 3541 331 3627; x_wconf 87' lang='lat' dir='ltr'>bytero</span> <span class='ocrx_word' id='word_1_184' title='bbox 355 3538 479 3606; x_wconf 87' lang='lat' dir='ltr'>scribit:</span> <span class='ocrx_word' id='word_1_185' title='bbox 504 3539 567 3623; x_wconf 79' lang='lat' dir='ltr'>„llt</span> <span class='ocrx_word' id='word_1_186' title='bbox 590 3538 784 3628; x_wconf 84' lang='lat' dir='ltr'>Presbytero</span> <span class='ocrx_word' id='word_1_187' title='bbox 806 3521 1015 3626; x_wconf 77' lang='lat' dir='ltr'>Moyse&#39;tum</span> <span class='ocrx_word' id='word_1_188' title='bbox 1032 3533 1137 3603; x_wconf 87' lang='lat' dir='ltr'>adhuc</span> <span class='ocrx_word' id='word_1_189' title='bbox 1152 3537 1356 3618; x_wconf 85' lang='lat' dir='ltr'>Confessore,</span> 
     </span>
     <span class='ocr_line' id='line_1_29' title="bbox 217 3639 1357 3740; baseline -0.004 -23"><span class='ocrx_word' id='word_1_190' title='bbox 217 3673 302 3717; x_wconf 89' lang='lat' dir='ltr'>nnnc</span> <span class='ocrx_word' id='word_1_191' title='bbox 315 3657 381 3740; x_wconf 90' lang='lat' dir='ltr'>jam</span> <span class='ocrx_word' id='word_1_192' title='bbox 397 3654 543 3740; x_wconf 81' lang='lat' dir='ltr'>Martyre</span> <span class='ocrx_word' id='word_1_193' title='bbox 566 3651 800 3735; x_wconf 86' lang='lat' dir='ltr'>subscribente,</span> <span class='ocrx_word' id='word_1_194' title='bbox 824 3661 860 3717; x_wconf 92' lang='lat' dir='ltr'>ut</span> <span class='ocrx_word' id='word_1_195' title='bbox 881 3652 981 3739; x_wconf 89' lang='lat' dir='ltr'>lapsis</span> <span class='ocrx_word' id='word_1_196' title='bbox 1004 3650 1137 3716; x_wconf 87' lang='lat' dir='ltr'>infirmis</span> <span class='ocrx_word' id='word_1_197' title='bbox 1161 3651 1248 3715; x_wconf 89' lang='lat' dir='ltr'>etin</span> <span class='ocrx_word' id='word_1_198' title='bbox 1270 3639 1357 3713; x_wconf 74' lang='lat' dir='ltr'>cisitu</span> 
     </span>
     <span class='ocr_line' id='line_1_30' title="bbox 217 3755 1355 3851; baseline -0.006 -19"><span class='ocrx_word' id='word_1_199' title='bbox 217 3765 399 3832; x_wconf 89' lang='lat' dir='ltr'>constitutis</span> <span class='ocrx_word' id='word_1_200' title='bbox 421 3789 486 3851; x_wconf 82' lang='lat' dir='ltr'>pax</span> <span class='ocrx_word' id='word_1_201' title='bbox 509 3755 673 3848; x_wconf 82' lang='lat' dir='ltr'>daretur,“</span> <span class='ocrx_word' id='word_1_202' title='bbox 698 3788 797 3850; x_wconf 91' lang='lat' dir='ltr'>quare</span> <span class='ocrx_word' id='word_1_203' title='bbox 819 3764 1016 3832; x_wconf 89' lang='lat' dir='ltr'>demonstrat</span> <span class='ocrx_word' id='word_1_204' title='bbox 1037 3763 1090 3829; x_wconf 92' lang='lat' dir='ltr'>hic</span> <span class='ocrx_word' id='word_1_205' title='bbox 1113 3762 1235 3844; x_wconf 90' lang='lat' dir='ltr'>doctor,</span> <span class='ocrx_word' id='word_1_206' title='bbox 1258 3761 1355 3848; x_wconf 91' lang='lat' dir='ltr'>Moy-</span> 
     </span>
     <span class='ocr_line' id='line_1_31' title="bbox 217 3877 1357 3965; baseline -0.007 -21"><span class='ocrx_word' id='word_1_207' title='bbox 217 3899 283 3944; x_wconf 88' lang='lat' dir='ltr'>sem</span> <span class='ocrx_word' id='word_1_208' title='bbox 307 3879 524 3944; x_wconf 82' lang='lat' dir='ltr'>consessorem</span> <span class='ocrx_word' id='word_1_209' title='bbox 547 3886 719 3965; x_wconf 86' lang='lat' dir='ltr'>martyrem</span> <span class='ocrx_word' id='word_1_210' title='bbox 741 3877 900 3943; x_wconf 89' lang='lat' dir='ltr'>subscribi</span> <span class='ocrx_word' id='word_1_211' title='bbox 923 3877 1080 3962; x_wconf 91' lang='lat' dir='ltr'>potuisse,</span> <span class='ocrx_word' id='word_1_212' title='bbox 1104 3883 1275 3959; x_wconf 86' lang='lat' dir='ltr'>postquam</span> <span class='ocrx_word' id='word_1_213' title='bbox 1297 3895 1357 3957; x_wconf 93' lang='lat' dir='ltr'>pro</span> 
     </span>
     <span class='ocr_line' id='line_1_32' title="bbox 217 3983 1356 4078; baseline -0.011 -19"><span class='ocrx_word' id='word_1_214' title='bbox 217 3987 349 4059; x_wconf 87' lang='lat' dir='ltr'>Christo</span> <span class='ocrx_word' id='word_1_215' title='bbox 371 4013 487 4078; x_wconf 88' lang='lat' dir='ltr'>passus</span> <span class='ocrx_word' id='word_1_216' title='bbox 510 3992 560 4057; x_wconf 89' lang='lat' dir='ltr'>sit.</span> <span class='ocrx_word' id='word_1_217' title='bbox 584 4031 624 4039; x_wconf 95' lang='lat'>—</span> <span class='ocrx_word' id='word_1_218' title='bbox 671 3983 777 4072; x_wconf 78' lang='lat' dir='ltr'>Qtiam</span> <span class='ocrx_word' id='word_1_219' title='bbox 801 4011 896 4077; x_wconf 89' lang='lat' dir='ltr'>saepe</span> <span class='ocrx_word' id='word_1_220' title='bbox 919 3999 1025 4066; x_wconf 81' lang='lat' dir='ltr'>autem</span> <span class='ocrx_word' id='word_1_221' title='bbox 1040 3983 1251 4055; x_wconf 85' lang='lat' dir='ltr'>Confessores</span> <span class='ocrx_word' id='word_1_222' title='bbox 1266 3985 1356 4050; x_wconf 89' lang='lat' dir='ltr'>Mar·</span> 
     </span>
     <span class='ocr_line' id='line_1_33' title="bbox 217 4081 1356 4194; baseline -0.005 -27"><span class='ocrx_word' id='word_1_223' title='bbox 217 4112 304 4190; x_wconf 89' lang='lat' dir='ltr'>tyres</span> <span class='ocrx_word' id='word_1_224' title='bbox 327 4099 523 4194; x_wconf 82' lang='lat' dir='ltr'>vocabantur</span> <span class='ocrx_word' id='word_1_225' title='bbox 546 4127 586 4169; x_wconf 81' lang='lat' dir='ltr'>ex</span> <span class='ocrx_word' id='word_1_226' title='bbox 607 4091 719 4188; x_wconf 79' lang='lat' dir='ltr'>paucis</span> <span class='ocrx_word' id='word_1_227' title='bbox 735 4081 890 4189; x_wconf 82' lang='lat' dir='ltr'>exemplis</span> <span class='ocrx_word' id='word_1_228' title='bbox 906 4099 1014 4171; x_wconf 86' lang='lat' dir='ltr'>videre</span> <span class='ocrx_word' id='word_1_229' title='bbox 1030 4123 1211 4188; x_wconf 89' lang='lat' dir='ltr'>possumus.</span> <span class='ocrx_word' id='word_1_230' title='bbox 1238 4098 1271 4162; x_wconf 89' lang='lat' dir='ltr'><strong>A</strong></span> <span class='ocrx_word' id='word_1_231' title='bbox 1285 4121 1356 4182; x_wconf 90' lang='lat' dir='ltr'>per·</span> 
     </span>
     <span class='ocr_line' id='line_1_34' title="bbox 218 4211 1385 4310; baseline -0.003 -32"><span class='ocrx_word' id='word_1_232' title='bbox 218 4213 327 4280; x_wconf 90' lang='lat' dir='ltr'>multis</span> <span class='ocrx_word' id='word_1_233' title='bbox 355 4214 565 4300; x_wconf 86' lang='lat' dir='ltr'>scriptoribus</span> <span class='ocrx_word' id='word_1_234' title='bbox 593 4215 635 4280; x_wconf 91' lang='lat' dir='ltr'>D.</span> <span class='ocrx_word' id='word_1_235' title='bbox 658 4213 802 4280; x_wconf 74' lang='lat' dir='ltr'>loannes</span> <span class='ocrx_word' id='word_1_236' title='bbox 829 4211 1052 4298; x_wconf 83' lang='lat' dir='ltr'>Evangelista,</span> <span class='ocrx_word' id='word_1_237' title='bbox 1085 4234 1180 4295; x_wconf 90' lang='lat' dir='ltr'>quem</span> <span class='ocrx_word' id='word_1_238' title='bbox 1208 4218 1357 4275; x_wconf 85' lang='lat' dir='ltr'>constans</span> <span class='ocrx_word' id='word_1_239' title='bbox 1371 4287 1385 4310; x_wconf 38' lang='grc' dir='ltr'><em>Ι</em></span> 
     </span>
     <span class='ocr_line' id='line_1_35' title="bbox 217 4323 1359 4418; baseline -0.01 -22"><span class='ocrx_word' id='word_1_240' title='bbox 217 4325 371 4396; x_wconf 84' lang='lat' dir='ltr'>eeclesiae</span> <span class='ocrx_word' id='word_1_241' title='bbox 385 4327 516 4396; x_wconf 73' lang='lat' dir='ltr'>tratlitio</span> <span class='ocrx_word' id='word_1_242' title='bbox 531 4327 692 4418; x_wconf 88' lang='lat' dir='ltr'>placidam</span> <span class='ocrx_word' id='word_1_243' title='bbox 708 4335 844 4396; x_wconf 81' lang='lat' dir='ltr'>mortem</span> <span class='ocrx_word' id='word_1_244' title='bbox 859 4323 1049 4392; x_wconf 86' lang='lat' dir='ltr'>occubuisse</span> <span class='ocrx_word' id='word_1_245' title='bbox 1069 4331 1215 4405; x_wconf 85' lang='lat' dir='ltr'>testatur,</span> <span class='ocrx_word' id='word_1_246' title='bbox 1237 4329 1359 4410; x_wconf 86' lang='lat' dir='ltr'>martyr</span> 
     </span>
    </p>
   </div>
   <div class='ocr_carea' id='block_1_9' title="bbox 0 0 1510 4936">
    <p class='ocr_par' dir='ltr' id='par_1_9' title="bbox 0 0 1510 4936">
     <span class='ocr_line' id='line_1_36' title="bbox 0 0 1510 4936; baseline 0 0"><span class='ocrx_word' id='word_1_247' title='bbox 0 0 1510 4936; x_wconf 95' lang='lat' dir='ltr'> </span> 
     </span>
    </p>
   </div>
  </div>
 </body>
</html>
