3012 4936
734 225 790 294 tot
887 262 890 265 -

189 387 347 474 exprimit.
391 386 483 452 Haec
506 396 611 452 autem
634 385 667 450 in
689 384 798 450 multis
820 386 947 473 paginis
969 385 1120 452 disseruit
1134 384 1331 470 Bonacbius‚

189 509 225 564 ut
239 512 244 517 '
257 497 395 582 denique
426 499 459 564 in
490 498 633 572 diversas
666 497 843 564 traheretur
872 508 989 584 partes.
1037 495 1111 562 Hac
1132 496 1173 563 de
1195 521 1230 564 re
1252 498 1332 566 nibil

190 609 327 698 amplius
351 609 457 676 dicere
480 611 640 692 volumus,
664 610 740 696 quia
755 610 875 675 inutilis
891 609 981 674 labor
996 619 1084 676 esset¹
1095 632 1205 676 omnes
1220 611 1332 698 lapsus

193 721 340 796 Bonachi
371 721 534 808 detegere,
566 722 670 805 iisque
701 722 835 804 eversis,
851 801 854 807 Ι
869 720 1060 787 contrariam
1082 743 1203 808 ponere
1223 722 1332 788 Bona·

192 835 323 900 chianae
351 835 549 899 sententiam.
573 869 613 882 ·-—
658 832 775 898 Totum
808 843 914 900 autem
946 832 988 899 de
1012 833 1204 898 haeresibus.
1225 845 1331 923 caput,

192 945 342 1012 vindiciis
359 945 560 1010 Zenonianae
582 944 746 1010 doctrinae
769 955 880 1010 contra
901 945 1076 1012 Petavium¹
1091 944 1277 1030 exsolvitur,
1299 947 1332 1021 in

192 1082 256 1142 quo
281 1056 428 1124 concedit
441 1056 594 1122 Benachi
607 1057 750 1139 Petavio,
774 1057 936 1123 Zenonem
960 1057 1000 1122 de
1016 1057 1076 1124 SS.
1091 1056 1246 1124 Trinitate
1266 1081 1330 1124 non

193 1180 258 1235 tam
282 1169 432 1236 distincte
452 1169 596 1234 locutum
619 1191 705 1249 esse,
736 1153 855 1256 quippe
883 1169 938 1253 qui
964 1178 1037 1235 ante
1063 1166 1242 1236 Concilium
1265 1169 1324 1234 Ni-

192 1305 326 1347 caenum
355 1283 503 1363 vixisset,
537 1281 666 1345 minime
693 1289 799 1346 autem
826 1303 863 1346 ea
890 1281 922 1346 in
944 1306 979 1348 re
1001 1281 1133 1346 Petavio
1155 1280 1325 1346 assentien-

192 1393 268 1480 dum
292 1417 363 1460 esse
386 1393 479 1474 dicit,
504 1393 580 1476 „qui
602 1416 721 1458 renen
744 1391 891 1458 discussa
914 1417 986 1458 cum
1003 1393 1048 1458 iis
1064 1393 1179 1460 sentire
1194 1388 1329 1474 videtur,

193 1506 248 1590 qui
264 1506 424 1570 Zenonem
439 1505 586 1570 Nicaeno
603 1502 750 1572 Concilio
773 1505 981 1590 posteriorem
1002 1505 1143 1570 volunt.“
1160 1543 1201 1552 --
1234 1500 1331 1571 Certe

192 1618 260 1682 viro
283 1618 315 1680 in
339 1616 555 1682 ecclesiastica
576 1616 709 1681 historia
727 1616 945 1697 versatissimo
959 1616 1074 1704 lungae
1090 1615 1331 1702 disquisitiones

192 1729 389 1794 necessariae
412 1753 474 1794 nen
498 1737 587 1794 erant
609 1727 650 1794 ad.
672 1753 739 1793 rem
762 1729 830 1794 sole
851 1728 1028 1794 meridiano
1050 1729 1214 1794 clariorem
1230 1751 1330 1814 agno·

195 1839 356 1906 seendam.
416 1837 498 1924 Cap.
524 1839 568 1902 ΙΙ.
607 1843 635 1924 ς.
661 1845 689 1904 1.
727 1840 768 1905 de
804 1841 875 1906 aliis
912 1841 1095 1907 haeresibus
1132 1840 1213 1927 agit,
1250 1857 1332 1924 quae

192 1950 397 2027 IV.'saeculo
421 1959 549 2016 exortae
573 1962 661 2034 sunt,
693 1951 865 2018 ostendens
886 1975 1019 2034 errores,
1042 1952 1098 2038 qui
1119 1953 1181 2018 hoc
1202 1950 1331 2016 saeculo

191 2063 255 2128 late
289 2064 459 2149 propagati
492 2073 612 2146 essent,
640 2067 707 2150 jam
733 2065 827 2134 tertio
852 2065 983 2131 saeculo
1009 2065 1129 2150 passim
1152 2063 1330 2144 emersisse,

192 2199 296 2259 neque
319 2199 358 2239 ex
381 2175 448 2240 suis
468 2175 795 2262 argumentationibus
811 2178 949 2242 fructum
966 2175 1329 2264 caperep1·aetermittit;

194 2286 252 2352 sed
274 2287 327 2351 hic
349 2310 478 2372 quoqne
501 2311 582 2352 vano
605 2296 721 2352 conatu
756 2287 942 2373 aggreditur
974 2290 1135 2374 ingratum
1166 2289 1329 2374 negotium

193 2421 296 2473 snum.
321 2437 361 2446 -—
406 2398 482 2464 Alia
515 2397 646 2462 minoris
678 2408 753 2464 sunt
784 2401 936 2464 momenti
963 2397 995 2466 et
1017 2400 1096 2466 nihil
1118 2399 1161 2466 ad
1182 2424 1249 2466 rem
1271 2423 1329 2465 no·

191 2521 289 2576 stram
323 2511 453 2576 iaciunt.
510 2513 538 2596 ξ.
561 2514 591 2576 2.
620 2509 660 2576 de
688 2510 840 2606 Tractatu
865 2512 961 2578 XIV.
994 2513 1067 2578 Lib.
1090 2513 1135 2578 II.
1167 2537 1208 2579 ex
1238 2535 1331 2578 occa·

191 2625 280 2688 siene
303 2623 457 2690 ecclesiae
480 2623 627 2698 Veronae
650 2632 831 2689 exstructae
853 2625 955 2710 dicto,
979 2626 1079 2691 multa
1102 2625 1244 2711 disputat
1265 2624 1331 2688 Bo·

189 2734 284 2800 nachi
307 2736 390 2800 male
412 2734 603 2800 Ballerinios
626 2734 824 2822 intelligens,
849 2738 904 2821 qui
927 2763 1036 2804 revera
1057 2737 1143 2804 idem
1165 2757 1238 2804 cnm
1261 2737 1331 2822 ipso

192 2847 374 2912 sentierunt.
434 2843 515 2930 Cap.
537 2846 600 2910 ΠΙ.
630 2848 658 2930 ᾧ.
683 2849 712 2934 ,1.
751 2847 793 2911 ad
829 2849 995 2914 Ambrosii
1028 2851 1118 2942 ,venit
1153 2848 1331 2935 epistulam,

190 2981 365 3041 rursusque
388 2957 606 3023 demonstrare
630 2965 762 3021 conatus
786 2968 854 3041 est,
882 2961 1044 3029 Zenonem
1072 2962 1104 3024 in
1131 2984 1169 3024 ea
1191 2982 1330 3046 comme-

190 3079 348 3134 moratum
370 3069 465 3156 plane
486 3091 556 3136 esse
579 3065 741 3132 diversum
764 3092 784 3132 a
804 3081 914 3136 nostro
937 3080 1075 3136 annotare.
1121 3073 1149 3157 ᾗ.
1169 3074 1199 3136 2.
1222 3072 1331 3156 Argu-

190 3192 364 3265 mentatur,
393 3205 432 3246 ex
459 3181 591 3266 antiquo
608 3178 673 3258 ‚illo
702 3179 812 3246 ordine
839 3182 1075 3269 Episcoporum
1097 3183 1331 3249 Veronensium

190 3295 229 3359 ab
245 3295 420 3382 Anonymo
442 3295 612 3378 Pipiniano
635 3292 803 3378 designato
826 3292 1037 3360 demonstrari
1060 3319 1155 3382 posse
1170 3295 1331 3360 Zenonem

189 3407 251 3472 III.
275 3406 404 3485 sacculo
426 3407 555 3473 vixisse.
600 3407 813 3472 Frustraneus
836 3405 927 3480 labor
949 3408 1055 3490 fuerit,
1078 3409 1111 3472 in
1125 3408 1186 3473 hac
1200 3406 1332 3472 materia

190 3527 301 3584 contra
328 3519 531 3586 Bonachium
557 3519 744 3606 precedere,
776 3523 833 3605 qui
861 3521 1020 3588 obstinato
1048 3521 1154 3585 animo
1181 3520 1330 3602 rationes,

189 3648 270 3714 quas
286 3631 455 3719 Maffejus,
477 3630 644 3706 Bellerinii
667 3642 699 3696 et
713 3633 924 3723 Mobillonius
947 3656 1005 3718 pro
1028 3631 1214 3698 auctoritate
1236 3631 1331 3718 hujus

190 3745 388 3819 monumenti
419 3743 616 3830 protulerant
643 3753 675 3820 et
706 3745 813 3810 omnia
844 3745 973 3810 omnino
1004 3767 1114 3815 eortlm
1144 3753 1333 3830 argumenta

188 3854 304 3940 rejicit,
332 3855 439 3938 placet
461 3864 567 3918 cirtem
590 3855 652 3920 sibi
676 3856 712 3931 in.
730 3859 926 3942 argumentis
949 3858 1066 3922 fucatis
1087 3866 1119 3922 et
1140 3855 1174 3918 in
1196 3855 1331 3940 exiguae

189 3965 386 4030 auctoritatis
409 3949 609 4030 testimoniis.
641 3968 694 4045 lta
708 3969 882 4034 Proculum
904 3970 1033 4034 1111236
1055 3967 1174 4032 vixisse
1195 3965 1329 4032 demon·

154 4134 158 4146 ,
189 4086 282 4159 strat,
312 4077 387 4160 quia
409 4077 442 4140 in
464 4077 620 4141 Psalterio
644 4078 784 4162 quodam
811 4080 911 4145 veteri
938 4078 1130 4144 mentionem
1157 4078 1329 4160 invenerat,

187 4188 250 4252 hoc
277 4211 360 4253 anno
387 4188 560 4253 Proculum
587 4191 763 4276 praefuisse
790 4189 970 4255 Veronensi
998 4190 1166 4271 ecelesiae,
1195 4229 1234 4236 -
1263 4189 1330 4252 Ln-

189 4298 297 4368 cillum
321 4301 389 4390 sive
411 4301 590 4383 Lucilium,
614 4311 650 4368 ut
671 4301 705 4368 in
726 4301 892 4389 Anonymi
913 4312 1046 4368 vocatur
1068 4299 1233 4389 rhythmo,
1256 4323 1331 4366 cum

1111 4451 1115 4489 l
