3012 4936
722 242 777 308 ht

186 406 348 486 strictum,
374 401 477 468 filium
499 401 563 468 Dei
584 401 692 468 Deum
719 402 855 489 dixisse,
884 403 941 470 sed
967 427 1032 470 non
1059 427 1098 470 ex
1123 415 1210 490 parte
1233 405 1324 474 nobi-

184 517 284 582 litatis
307 515 518 599 perpetuitate
540 515 757 601 progenitnm,
790 515 825 580 id
848 527 910 598 est,
945 515 1063 582 Filium
1084 516 1149 580 Dei
1172 518 1324 584 minorem

187 651 257 695 esse
279 628 368 692 Patri
389 627 482 711 eique
504 649 567 692 non
590 637 807 711 coaeternum,
835 628 922 713 quod
946 629 1075 696 minime
1096 629 1247 716 Beryllus
1270 654 1325 696 ne-

187 740 293 828 gabat,
316 741 382 824 qui,
406 762 505 823 quum
526 739 646 804 nullam
666 741 943 826 praeexistentiam
960 741 1043 806 Filio
1059 739 1212 822 dedisset,
1235 740 1324 808 iden-

185 853 308 917 titatem
330 859 453 916 tantum
476 873 629 937 personae
653 862 685 916 et
706 853 901 919 substantiae
916 853 1022 918 Patris
1042 863 1074 918 et
1088 853 1163 918 Filii
1186 852 1325 935 doceret,

186 987 249 1029 non
271 964 375 1050 potuit
396 963 428 1026 in
451 961 513 1026 hoo
535 973 655 1048 priuato
677 988 795 1047 errare,
818 965 937 1038 Filium
953 965 1040 1030 Patri
1063 988 1126 1031 non
1149 965 1248 1030 fuisse
1271 988 1325 1030 oo·

186 1074 359 1142 aeternum!
385 1113 424 1122 -
459 1075 673 1158 Apertissime
697 1087 802 1141 autem
825 1076 957 1142 Baronii
980 1077 1136 1142 sententia
1158 1087 1244 1142 recta
1266 1079 1326 1144 fuit

184 1187 256 1271 (qui
279 1195 365 1252 certe
388 1187 541 1250 memoria
567 1195 692 1252 tantum
718 1187 829 1273 lapsus
853 1187 917 1252 diei
939 1183 1051 1271 possit,
1075 1189 1102 1253 si
1124 1188 1269 1254 similiter
1292 1199 1326 1254 ut

183 1297 331 1361 Bonaobi
345 1296 407 1361 hoo
422 1296 495 1361 Iooo
509 1295 634 1382 Berylli
649 1321 788 1363 errorem
804 1299 1005 1384 perstrictum
1025 1299 1141 1365 habere
1164 1299 1325 1388 voluerit),

186 1431 286 1494 quum
308 1407 443 1489 diceret,
465 1407 527 1474 hoa
549 1408 621 1476 loeo
645 1409 805 1475 Zenonem
820 1411 936 1476 Arium
950 1420 1131 1497 'spectasse
1179 1415 1206 1476 1.
1228 1412 1325 1478 Initio

181 1524 249 1606 jam
270 1519 486 1606 promulgavit
499 1521 598 1586 Arius
621 1519 701 1586 illud
724 1521 785 1586 sibi
808 1521 950 1586 solenne:
973 1515 1008 1602 ἤν
1030 1549 1112 1604 ποτε,
1134 1524 1181 1590 h‘rs
1202 1528 1254 1589 οὐκ
1276 1516 1325 1604 ἤια·

184 1632 259 1712 fuit,
283 1631 412 1716 quando
435 1655 498 1698 nou
521 1633 582 1698 fuit
604 1633 672 1700 soil.
696 1643 837 1718 tempus,
861 1656 925 1717 quo
941 1634 1042 1700 Filius
1058 1634 1122 1700 Ilei
1145 1658 1208 1700 non
1231 1646 1325 1716 esset,

184 1745 252 1808 sive
274 1743 392 1809 Filium
414 1767 479 1808 non
501 1767 572 1810 esse
599 1753 803 1810 coaeternum
826 1744 928 1826 Patri,
955 1745 1082 1812 Patrem
1109 1769 1172 1812 non
1201 1769 1326 1834 semper

183 1855 284 1922 fuisse
306 1855 550 1942 Patrem-(Arii
570 1856 708 1942 epistola
721 1854 763 1922 ad
779 1858 948 1924 Eusebium
962 1859 1123 1926 Nicomed.
1139 1859 1325 1943 episcopum

185 1964 273 2051 apud
295 1969 516 2052 Epiphaniam
537 1967 623 2032 haer.
638 1967 771 2032 LXIX.-
793 1991 862 2053 cap.
880 1968 920 2032 V.
948 1971 1116 2038 Theodorei
1137 1969 1223 2039 Hist.
1237 1973 1324 2043 eccl.

186 2075 259 2143 Lib.
271 2076 298 2139 Ι.
315 2099 384 2162 cap.
395 2077 454 2144 IV.
477 2079 674 2144 Athanasius
689 2089 767 2143 oret.
782 2079 808 2142 Ι.
826 2088 936 2144 eontra
949 2081 1060 2150 Arium
1077 2101 1146 2167 eap.
1156 2081 1323 2169 XXXI.);

184 2191 215 2255 2.
238 2191 324 2272 λόγον
347 2213 410 2256 non
431 2212 472 2256 ex
493 2191 632 2255 essentia
646 2189 754 2254 Patris
777 2213 847 2256 esse
870 2201 989 2274 natum,
1022 2191 1080 2258 sed
1112 2203 1207 2274 κίσμα
1224 2217 1323 2278 esse,

185 2325 288 2386 neque
303 2303 333 2367 ei
349 2303 510 2388 propriam
526 2300 724 2369 divinitatem
741 2303 871 2370 attribui
887 2325 992 2390 posse,
1009 2326 1143 2389 eamque
1159 2306 1324 2374 sitantum

185 2438 242 2498 per
264 2413 484 2496 adoptionem,
508 2424 605 2496 θέσει,
626 2419 749 2499 μετοχῇ,
772 2417 872 2501 χάριτι
895 2441 914 2480 a
936 2417 1031 2496 Patre
1053 2417 1203 2481 tributam
1226 2419 1324 2486 sitisse
1355 2419 1358 2424 Δ

186 2522 397 2607 (Athanasius
419 2525 512 2608 epist.
534 2523 575 2590 de
598 2525 755 2594 sententia
776 2524 927 2610 Dionysii
950 2547 1018 2609 eap.
1035 2526 1170 2591 XXIII.
1194 2527 1285 2595 Tam.
1297 2529 1323 2594 I.

186 2655 259 2718 pag.
286 2635 350 2700 259
387 2632 464 2698 edit.
499 2633 666 2698 Benediot.
702 2633 846 2722 ejusdem
885 2634 975 2700 Orat.
1002 2636 1029 2698 Ι.
1068 2645 1178 2728 eontra
1214 2639 1323 2704 Ariau.

186 2767 254 2828 oap.
267 2745 362 2811 VIII.
386 2745 478 2831 epist.
501 2744 543 2811 ad
565 2745 746 2831 Episcopos
768 2746 912 2832 Aegypti
935 2756 966 2810 et
988 2747 1112 2832 Libyae
1135 2769 1204 2834 cap.
1217 2748 1324 2835 XII),

184 2858 293 2941 itaque
315 2854 496 2940 Christum,
519 2881 583 2925 non
606 2879 824 2938 asseverare,
848 2855 906 2922 sed
929 2859 1048 2922 fastum
1070 2859 1188 2923 Deum.

287 2969 380 3036 Haec
401 2970 508 3036 omnia
529 2969 659 3054 propria
680 2978 713 3033 et
734 2967 907 3054 peculiaria
928 2970 1066 3054 insignia
1086 2971 1225 3048 Arianae
1248 2973 1322 3052 hae·

183 3082 264 3146 rosis
297 3081 383 3169 apud
416 3083 578 3149 Zenonem
611 3091 721 3147 notata
753 3082 940 3156 invenimus.
970 3121 1009 3128 —
1055 3081 1136 3168 Cap.
1162 3083 1268 3151 VIH.
1282 3084 1322 3158 de

184 3192 370 3260 Bellamini
387 3193 510 3280 judicio
532 3194 674 3278 loquitur
695 3191 849 3258 Bonaohi.
873 3193 1021 3278 ¹Exigua
1043 3204 1127 3260 certe
1149 3196 1323 3282 postulavit

183 3328 204 3368 a
225 3304 359 3385 mitiois,
393 3303 490 3368 modo
511 3305 672 3371 Zenonem
706 3314 878 3390 martyrem
906 3314 1056 3368 vocarent
1077 3315 1109 3372 et
1130 3305 1172 3370 ad
1195 3308 1321 3374 tertium

182 3419 336 3482 referrent
359 3415 532 3498 saeculum,
556 3418 824 3500 „aequissimum“
849 3417 931 3480 enim
955 3426 1048 3484 vocat
1070 3417 1258 3482 Bellarmini
1269 3422 1321 3504 ju-

184 3527 305 3594 dicium
327 3527 368 3594 de
390 3528 582 3594 Zenonianis
603 3528 807 3610 tractatibus,
835 3526 922 3612 quod
946 3529 1074 3592 minime
1097 3551 1234 3612 aequum
1258 3528 1321 3596 dici

185 3650 304 3722 potest,
329 3649 363 3704 ut
384 3639 551 3705 Bonaohio
573 3640 713 3724 videtur,
741 3639 799 3706 sed
821 3651 930 3708 nostra
952 3641 1109 3706 sententia
1131 3641 1237 3726 potius
1260 3640 1320 3705 ini-

184 3751 385 3834 quissimum.
429 3748 512 3837 Cap.
534 3750 600 3816 IX.
619 3753 750 3835 Lahhai,
773 3775 843 3839 oap.
866 3751 911 3817 X.
935 3753 1076 3840 Dapiaii
1097 3760 1129 3815 et
1149 3751 1322 3837 tbnabsyisii

183 3862 345 3929 examinat
366 3863 547 3948 opiniones,
579 3872 626 3945 at,
660 3872 695 3928 ut
717 3874 766 3928 est
788 3863 993 3944 minutiarum
1016 3860 1179 3928 studiosus
1192 3863 1322 3948 vprofert

183 3984 215 4041 et
237 3974 377 4061 explicat
399 3974 496 4040 verba
517 3998 628 4040 eorum
650 3976 903 4056 accuratissime,
926 3996 1007 4059 quae
1030 3998 1069 4040 ne
1092 3996 1320 4039 commemora·

116 4149 118 4152 .
183 4088 279 4154 tionIs
303 4085 433 4172 quidem
455 4089 582 4154 fuerunt
604 4086 711 4173 digna.
744 4083 826 4172 Cap.
841 4086 906 4152 XI.
921 4085 961 4154 de
976 4073 1141 4150 Ambrosii
1164 4085 1231 4172 agit
1253 4087 1319 4172 epi-

182 4197 274 4266 stola.
297 4237 349 4285 ⁶·.
383 4200 456 4266 Lib.
478 4200 523 4267 Π.
548 4201 621 4282 „De
642 4199 800 4285 Martyria
824 4197 857 4264 S.
880 4197 1018 4264 Zenonis
1041 4196 1197 4283 Episcopi
1215 4195 1318 4264 Vero-

181 4313 309 4380 nensis“
326 4302 426 4378 multa
440 4321 604 4380 enumerat
618 4320 832 4394 monumenta,
850 4319 918 4374 tum
933 4307 1098 4376 Ecclesiae
1112 4307 1319 4400 Veronensis,

1072 4412 1113 4483 Z*
