3012 4936
734 227 793 300 lot

193 397 261 458 tum
284 387 489 458 Pistoriensis
512 391 554 458 ad
577 393 764 458 sententiam
788 415 879 458 suam
906 385 1192 480 comprobandam,
1219 393 1339 465 fatetur

192 515 299 570 tamen
321 490 414 591 plura
435 506 625 589 inutraque
648 506 784 571 ccclesia
805 516 1010 571 monumenta
1031 499 1255 576 tantummodo
1275 509 1336 577 Ze-

191 641 307 682 nonem
344 614 572 685 Confessorem
609 618 769 704 appellare
806 618 891 704 (cap.
914 618 987 704 IL).
1042 617 1125 706 Cap.
1149 619 1212 684 III.
1252 621 1336 689 Gre-

192 726 282 816 gorii·
297 730 345 794 M.
368 731 489 816 profert
509 730 727 795 testimonium
750 740 783 795 et
804 731 1119 817 martyrologiorum,
1147 737 1334 815 praesertim

192 843 277 927 (cap.
295 841 371 927 IV.)
394 842 620 929 Martyrologii
635 839 772 907 Romani
794 843 999 908 auctoritates
1022 842 1165 908 adducit.
1200 845 1281 932 Cap.
1292 848 1332 912 V.

191 952 288 1018 fidem
312 949 475 1021 Coronato
498 955 650 1038 Notario,
682 955 801 1019 nullam
832 953 1012 1024 habendam
1040 978 1111 1020 esse
1136 967 1241 1041 putat,
1271 959 1332 1024 sed

191 1065 253 1130 hoc
284 1069 352 1151 ejus
384 1067 427 1130 rei
460 1089 557 1132 causa
586 1075 709 1131 tantum
741 1068 830 1149 facit,
865 1068 942 1151 quia
965 1063 1144 1136 Coronatus
1166 1067 1327 1134 Zenonem

192 1174 418 1244 Confessorem
452 1178 591 1261 dixerat,
625 1177 696 1244 aliis
728 1181 812 1244 enim
838 1181 1033 1266 argumentis
1057 1178 1210 1266 judicium
1231 1203 1321 1244 suum

191 1290 398 1374 comprobare
421 1315 485 1355 non
507 1291 625 1376 potuit,
649 1314 747 1375 quum
771 1291 811 1356 de
833 1291 895 1357 hoc
916 1292 1016 1357 veteri
1031 1300 1235 1356 monumento
1248 1291 1346 1368 nibil

191 1401 279 1467 aliud
302 1403 413 1484 sciret,
442 1425 538 1487 quarn
561 1401 610 1484 id,
634 1402 722 1486 quod
744 1427 783 1467 ex
806 1405 911 1469 citatis
934 1401 1068 1490 Ughelli
1090 1413 1121 1468 et
1144 1400 1330 1469 Combefisii

191 1513 307 1580 habere
340 1517 460 1600 potuit,
496 1538 555 1579 nec
588 1538 652 1578 non
679 1539 718 1580 ex
745 1516 964 1599 Tillemontio,
996 1517 1054 1600 qui
1080 1516 1108 1579 ei
1136 1537 1211 1578 sanc
1233 1515 1330 1602 justis

191 1623 231 1691 de
260 1627 366 1691 causis
393 1627 513 1692 nullam
541 1627 686 1692 attribuit
711 1629 942 1693 auctoritatem.
991 1623 1073 1711 Cap.
1097 1626 1157 1691 VI.
1183 1626 1333 1694 Panvinii

191 1739 312 1823 profert
344 1741 548 1822 sententiam,
583 1738 844 1823 demonstratque
877 1750 950 1804 ante
975 1739 1170 1824 Lippomani
1202 1760 1332 1823 quoque

189 1858 335 1934 tempora
349 1849 497 1915 Veronae
512 1851 546 1914 in
566 1843 726 1915 nonnullis
750 1852 962 1915 monumentis
977 1849 1137 1916 Zenonem
1152 1849 1330 1938 Martyrem

190 1970 338 2026 vocatum
358 1962 482 2044 luisse,
518 1961 606 2047 quod
633 1987 727 2028 nemo
755 1974 870 2050 negat.¹
904 1960 986 2048 Cap.
1009 1963 1088 2028 VII.
1112 1961 1152 2028 de
1174 1971 1329 2048 martyro·

189 2071 286 2159 logiis
313 2073 409 2138 variis
436 2074 529 2161 plura
555 2075 724 2164 depromit.
769 2074 850 2162 Cap.
874 2075 969 2141 VHI.
994 2073 1145 2162 Gregorii
1166 2075 1214 2141 M.
1241 2074 1329 2138 testi·

191 2186 332 2250 monium
349 2196 459 2252 contra
473 2188 611 2272 Dupinii
625 2199 656 2253 et
671 2188 866 2252 Tillemontii
883 2187 1148 2258 dnbiadefendit.
1176 2185 1258 2273 Cap.
1266 2185 1329 2250 IX.

189 2297 326 2382 Dupinii
350 2309 382 2362 et
404 2298 598 2362 Tillemontii
622 2299 782 2361 examinat
804 2299 987 2379 sententias,
1009 2292 1139 2370 titulum
1157 2296 1330 2367 Confessa-

189 2409 233 2472 ris
257 2407 395 2473 Zenonis
419 2409 621 2494 attingentes.
667 2407 748 2493 Cap.
768 2409 813 2474 X.
837 2418 946 2474 contra
966 2408 1224 2496 Papebrochium
1248 2412 1331 2496 (sive

191 2520 299 2607 potius
315 2530 426 2584 contra
439 2519 693 2604 Henschenium,
717 2522 773 2606 qui
788 2521 914 2587 articuli
928 2520 969 2588 de
983 2523 1112 2588 Zenone
1134 2532 1183 2587 est
1205 2523 1331 2608 auctor)

190 2630 345 2719 procedit,
362 2633 559 2719 opponitque
573 2633 764 2700 testimoniis
777 2638 845 2720 ejus
862 2657 909 2718 ea,
925 2659 1007 2720 quae
1022 2659 1081 2722 pro
1093 2633 1245 2722 martyrio
1255 2657 1330 2719 pos·

186 2754 264 2810 sunt
285 2746 429 2832 proferri.
473 2745 580 2812 Multa
601 2744 644 2811 ad
658 2745 820 2811 Zenonem
842 2769 906 2811 non
929 2748 1132 2836 pertinentia,
1155 2727 1237 2831 quae
1260 2769 1329 2811 cor-

188 2857 250 2942 rigi
272 2859 412 2943 possint,
436 2858 563 2922 silentio
585 2857 837 2943 praeterivimus,
860 2882 900 2923 ne
914 2883 981 2924 rem
1000 2863 1067 2946 jam
1090 2859 1167 2924 satis
1189 2859 1330 2944 longam,

188 2968 366 3054 longiorem
388 2969 562 3046 faciamus3
586 2966 749 3032 fatendum
772 2978 877 3036 tamen
901 2981 959 3054 est,
982 2993 1091 3035 revera
1113 2970 1192 3033 nihil
1214 2970 1290 3033 novi
1312 2993 1332 3033 a

188 3065 354 3146 Bonachio
377 3082 537 3167 prolatum
560 3089 644 3162 esse,
668 3082 777 3147 omnia
796 3083 921 3169 potius,
944 3105 1025 3166 quae
1048 3082 1228 3146 minutatim
1244 3080 1330 3165 apud

189 3191 269 3257 alios
292 3193 506 3277 inveniuntur,
528 3193 561 3256 in
576 3215 675 3256 unum
691 3194 731 3258 ab
747 3219 785 3260 eo
801 3203 954 3281 congesta
969 3204 1000 3259 et
1014 3191 1194 3280 diligenter,
1218 3213 1329 3277 quam·

190 3327 286 3388 quam
315 3305 383 3369 sine
409 3305 476 3370 ullo
507 3305 652 3369 acumine
686 3305 812 3393 digesta
842 3309 955 3373 fuisse:
989 3331 1027 3372 eo
1050 3305 1146 3371 modo
1169 3306 1242 3370 libri
1265 3303 1329 3368 duo

189 3417 390 3499 exstiterunt,
414 3418 469 3500 qui
484 3427 591 3482 tamen
606 3439 800 3503 quamquam
816 3418 915 3504 longi,
938 3418 1125 3484 nullomodo
1147 3416 1327 3481 submi'nare

189 3537 338 3612 poterant
359 3531 428 3615 ejus
448 3527 647 3615 temporibus
671 3531 749 3595 satis
778 3540 975 3616 acceptatam
1002 3532 1197 3616 opinionem,
1224 3528 1326 3592 Zeno·

189 3663 262 3705 nem
297 3641 402 3724 quarti
434 3641 554 3706 saeculi
580 3640 679 3706 fuisse
708 3642 932 3708 confessorem.
959 3679 1001 3692 υ-
1044 3639 1326 3715 IntereaBallerif

189 3752 315 3817 niorum
338 3753 486 3838 apparuit
508 3751 606 3818 editio
629 3763 793 3820 eteorum
816 3753 1056 3821 dissertationes
1079 3754 1155 3820 etin
1171 3750 1329 3826 Bonachii

188 3869 343 3930 uenerunt
365 3887 488 3931 manus.
532 3863 639 3930 Haud*
655 3866 788 3950 scimus,
812 3883 852 3932 an
867 3867 1113 3932 Balleriniorum
1129 3860 1327 3930 demonstra-

188 3978 292 4040 tiones
315 3977 418 4061 primo
441 3986 583 4063 tempore
605 3977 809 4044 labefecerint
836 3984 911 4065 ejus'
939 3977 1141 4058 sententiam,
1175 3978 1251 4061 quia
1271 3997 1328 4062 per

190 4086 301 4168 decern
335 4109 435 4153 annos
467 4089 568 4152 altum
599 4091 747 4154 servabat
779 4091 954 4169 silentium,
975 4089 1181 4174 compressis
1210 4099 1327 4170 tamen,

190 4178 278 4283 quod
301 4202 403 4285 ajunt,
431 4200 578 4265 manibus
601 4224 665 4266 non
688 4200 833 4284 sedebat,
861 4223 944 4265 anno
968 4201 1052 4266 enim
1076 4202 1157 4267 1751
1172 4199 1327 4265 ·Venetiis

189 4307 293 4386 edidit
307 4309 562 4378 dissertationem
578 4313 736 4378 criticam:
759 4311 813 4394 „S.
829 4312 967 4378 Zenonis
981 4313 1091 4400 Episc.
1104 4305 1180 4379 Ver.
1195 4311 1326 4396 epocha,
