3012 4936
599 1504 827 1616 CAPUT
863 1524 902 1614 1.

371 1731 493 1807 vim
520 1733 588 1805 nr
616 1730 818 1806 auarus
847 1730 882 1806 s.
909 1730 1137 1807 canons.

284 1943 323 2034 ln
350 1969 459 2036 Gallia
485 1965 714 2054 Transpadana
739 1967 816 2032 urbs
848 1975 898 2031 est
927 1967 989 2032 sita
1018 1965 1059 2030 ab
1089 1966 1319 2050 antiquissimu

66 2100 69 2111 '
180 2085 379 2170 temporibus
402 2085 487 2150 clara
507 2085 651 2168 Verona,
674 2085 708 2147 in
729 2083 956 2149 amoenissima
977 2083 1108 2170 regione
1129 2084 1242 2150 Italiae
1264 2108 1318 2152 su·

181 2197 325 2282 panionia,
349 2220 444 2281 quam
459 2197 592 2262 Athesis
614 2196 744 2280 flumen,
767 2220 807 2262 ex
821 2195 980 2262 Rhetibus
1003 2196 1164 2264 montibus
1187 2220 1319 2264 manans

180 2309 332 2374 inter-'et
366 2309 566 2375 circumfluit.
620 2308 673 2373 De
714 2307 838 2394 origine
865 2307 972 2394 ‘hujus
1012 2307 1101 2373 urbis
1142 2308 1176 2371 in
1214 2309 1319 2376 varias

181 2421 353 2505 scriptores
376 2418 547 2486 discedunt
569 2419 748 2506 opiniones:
774 2419 828 2483 alii
851 2419 935 2484 enim
958 2443 977 2484 a
1000 2419 1105 2486 Gallis
1127 2419 1319 2504 Senonibus,

181 2532 263 2598 duce
283 2534 418 2597 -Brenno
446 2531 607 2596 conditam
634 2554 705 2597 esse
734 2530 866 2620 dicunt,
898 2540 930 2596 et
960 2531 1000 2595 ab
1031 2530 1093 2596 hoc
1123 2532 1157 2596 in
1186 2531 1321 2597 historia
1389 2567 1392 2575 ·

181 2643 292 2728 populi
313 2643 451 2707 Romani
472 2642 640 2707 notissimo
662 2643 809 2709 invasore
830 2643 962 2726 Italiae,
984 2665 1100 2708 nomen
1115 2643 1319 2708 Brennonam

182 2777 251 2818 eam
266 2760 461 2841 usurpasse,
484 2751 583 2838 idque
604 2754 763 2846 temporis
771 2747 952 2845 ,progressu
974 2753 1008 2818 in
1029 2752 1193 2819 Veronam
1215 2764 1319 2820 trans-

181 2874 338 2932 mutatum
375 2888 459 2945 esse;
497 2865 551 2930 alii
588 2865 691 2952 (iique
728 2844 1004 2962 ridenturpobis
1036 2874 1122 2932 recte
1149 2865 1321 2953 judicare),

181 2977 327 3044 Thuscos
351 2978 532 3044 conditores
555 2959 710 3060 Veronae
730 2961 1090 3068 {bisse·rlemonstrant,
1119 2978 1171 3043 oui
1194 3002 1212 3043 a
1233 2977 1322 3044 Vera

181 3090 382 3156 Thuscorum
405 3099 499 3176 gente
522 3088 574 3155 vel
596 3089 724 3155 colonia
743 3087 891 3165 Veronae
912 3101 1028 3170 nomen
1049 3090 1204 3156 tributum
1227 3099 1320 3156 esset.

181 3185 257 3266 Jam
291 3202 515 3285 antiquissima
545 3200 699 3268 historiae
729 3200 894 3288 Romanae
927 3211 1131 3268 monumenta
1161 3202 1321 3286 evincunt,

68 3342 72 3361 =
180 3314 292 3378 urbem
325 3314 405 3377 hanc
432 3315 473 3378 ob
489 3308 598 3378 'situm
626 3335 720 3378 suum
748 3312 997 3378 munitissimum
1024 3316 1130 3401 (cujus
1157 3314 1204 3379 rei
1226 3337 1323 3380 causa

180 3423 310 3490 Verona
330 3422 448 3488 nostris
472 3445 600 3508 quoque
616 3423 730 3490 diebus
746 3425 856 3510 magni
871 3433 920 3490 est
935 3427 1158 3512 monumenti),
1180 3426 1214 3490 in
1228 3450 1321 3513 prae·

181 3533 276 3622 cipuo
306 3536 406 3602 fuisse
435 3533 578 3600 habitam
604 3535 738 3616 honore3
771 3536 831 3602 sub
858 3535 1068 3624 Reipublicae
1094 3537 1237 3603 finema
1259 3533 1321 3606 Cn.

68 3726 71 3739 Ι
180 3649 335 3736 Pompejo
351 3647 508 3716 Strabone
524 3647 650 3714 colonia
663 3647 827 3714 Veronam
843 3646 982 3714 deducta
1004 3657 1069 3732 est,
1091 3673 1110 3713 a
1126 3646 1165 3716 C.
1182 3645 1321 3716 Caesare

181 3769 287 3826 autem
301 3761 469 3825 Dictatore
491 3766 563 3824 ante
586 3762 654 3846 ejus
677 3758 853 3827 secundum
872 3757 1084 3830 Consulatum
1105 3759 1229 3826 incolae
1252 3763 1321 3847 ejus

182 3869 308 3936 civitate
329 3871 476 3937 Romana
497 3869 608 3936 donati
630 3879 714 3936 sunt.
754 3871 988 3956 Imperatorum
1010 3880 1154 3959 tempore
1175 3871 1322 3958 neglecta

165 3977 243 4044 ‘filit
269 3979 416 4066 Verona,
448 3983 508 4049 sub
541 3982 691 4049 Gallieno
722 3991 829 4048 tamen
859 3982 1070 4068 Imperatore,
1100 3983 1149 4048 Μ.
1182 3979 1321 4051 Claudio

181 4091 339 4156 Marcello
361 4101 393 4159 et
411 4095 451 4160 L.
472 4092 624 4164 Cornelio
647 4093 787 4160 Lentulo
808 4090 911 4162 Crura
933 4090 1130 4161 Consulibus
1152 4093 1228 4182 p'ost
1248 4094 1320 4161 diu·
1346 4087 1349 4095 ¹

181 4213 291 4270 turnas
321 4203 497 4270 incolarum
528 4231 641 4295 preces
672 4208 847 4274 instaurata
874 4214 906 4272 et
932 4205 1056 4272 munita
1081 4214 1140 4273 est.
1162 4246 1203 4257 -
1246 4207 1320 4274 Hac

183 4339 222 4378 ex
247 4316 326 4382 urbe
352 4315 515 4382 literarum
542 4319 658 4386 studiis
685 4318 894 4386 illustrissimi
920 4315 1108 4406 prodierunt
1134 4320 1319 4405 scriptores:

1065 4428 1078 4490 l
1094 4421 1113 4459 ὓ
