3012 4936
761 171 799 234 {lb

848 233 858 264 Ι

212 339 329 406 stantia
349 334 548 421 provectiora
568 340 672 384 assate
693 332 761 382 tota
793 322 908 403 pietati
926 314 1047 380 dedita
1079 325 1182 397 esset,
1226 313 1385 399 capella-

212 443 305 504 neum
329 433 415 522 apud
438 457 508 498 eam
533 431 745 508 collocarunt,
773 425 904 491 tacitum
927 428 1098 509 Arianum,
1132 427 1194 510 qui
1224 423 1387 511 speciem

212 549 373 638 quandam
406 546 532 625 pietatis
566 537 816 622 humilitatisque
850 539 1004 626 praebens
1026 539 1151 622 plenam
1177 541 1265 623 ejus
1292 534 1386 600 fidu-

213 665 293 729 ciam
327 655 389 716 eibi
423 651 594 736 aequisivit
626 662 658 718 et
689 651 848 716 mortifere
881 651 1058 738 aegrotanti
1089 661 1272 716 matronae
1305 647 1385 712 Arii

212 764 423 828 innocentiam
446 762 667 830 demonstrans
691 763 860 849 persuasit,
884 773 919 828 ut
941 762 1141 847 deprecatrix
1162 763 1258 827 Ario
1287 758 1386 845 apud

211 876 439 963 Imperatorem
462 874 588 942 adesset
612 876 668 961 (cf.
695 877 911 942 Tillcruoatius
933 899 985 960 op.
1002 875 1055 940 cit.
1071 874 1162 941 Tom.
1177 875 1250 940 IV.
1271 898 1306 938 a.
1329 874 1383 938 13.

211 1012 285 1074 pag.
301 989 375 1054 271.
403 1010 431 1054 a.
449 987 477 1051 Ι.
506 1010 579 1074 pag.
596 988 669 1054 256.
715 989 838 1053 elsua
860 986 954 1054 Parte
969 987 1015 1052 Π.
1038 987 1111 1052 Lib.
1127 987 1187 1052 IV.
1240 989 1383 1052 Maina-

211 1103 322 1188 bourq:
366 1098 510 1164 Histoire
541 1100 581 1165 de
614 1099 818 1164 l’Arianisme
851 1097 943 1165 Tom.
958 1099 985 1164 I.
1006 1098 1080 1166 Lib.
1095 1100 1122 1192 Ι.
1143 1123 1220 1187 pag.
1245 1103 1317 1166 121
1349 1107 1382 1162 et

211 1212 284 1278 Lib.
300 1211 328 1278 I.
350 1235 423 1298 pag.
439 1213 508 1299 26).
1315 1219 1322 1229 ‘

316 1321 401 1392 Cum
427 1347 545 1410 magna
571 1321 728 1388 industria
755 1324 926 1410 appetebat
947 1324 1046 1389 Arius
1067 1347 1194 1409 quoque
1216 1323 1377 1409 gratiam

212 1437 347 1504 divitum
378 1447 410 1502 et
438 1435 598 1522 judicum,
642 1437 709 1501 sive
741 1435 864 1520 eorum,
903 1437 958 1521 qui
987 1436 1020 1500 in
1048 1437 1238 1523 magistratu
1273 1445 1375 1500 erant

212 1551 390 1631 constituti,
422 1549 476 1633 qui
511 1551 552 1614 ob
588 1549 715 1614 divitias
749 1559 778 1612 et
802 1549 990 1635 gravitatem
1011 1548 1172 1633 adjutores
1195 1548 1263 1613 sibi
1293 1570 1375 1612 esse

212 1673 357 1749 possent,
392 1685 490 1745 quare
528 1661 641 1726 domos
676 1661 819 1746 singulas
854 1660 1020 1745 visitabat,
1054 1671 1090 1726 ut
1116 1661 1165 1725 sui
1188 1659 1370 1726 studiosos

212 1773 273 1838 sibi
305 1771 502 1854 conciliaret,
534 1772 721 1856 praesertim
755 1782 860 1836 autem
897 1772 1044 1856 feminas,
1079 1795 1159 1858 quas
1191 1773 1371 1839 irretiebat

211 1885 335 1970 laqueis
369 1883 418 1948 sui
450 1883 580 1965 enoria,
612 1883 757 1969 vestigiis
786 1884 920 1948 aliorum
953 1883 1076 1950 instans
1109 1884 1366 1966 haereticorum,

212 1998 276 2083 qui
289 1996 422 2062 feminas
446 2018 574 2081 quoque
597 1995 805 2079 adhibebant,
832 1997 931 2083 impia
953 1997 1119 2080 molientes
1144 1996 1291 2061 consilia.
1320 2033 1363 2044 -

211 2109 355 2174 Maxime
384 2116 488 2172 autem
518 2107 622 2193 ipsum
645 2107 877 2194 Imperatorem
904 2109 971 2174 suis
993 2108 1268 2198 criminationibus
1295 2110 1361 2174 cir·
1477 2123 1485 2163 1³

212 2219 434 2286 cumsidebant
463 2219 577 2282 Ariani
611 2220 826 2308 (Maimbaarp
848 2220 964 2286 Lib.'I.
989 2221 1080 2286 Tum.
1096 2220 1122 2285 Ι.
1146 2244 1219 2306 pag.
1235 2223 1297 2309 47)
1325 2229 1356 2284 et
1475 2194 1478 2219 Ι

212 2332 407 2419 ignobilibus
431 2330 463 2394 in
485 2353 522 2394 ea
542 2354 575 2395 re
597 2330 787 2417 adjumentis
811 2333 980 2398 utebantur
1017 2335 1214 2419 (Ibeodorct.
1237 2334 1314 2400 Lib.
1330 2333 1356 2397 l.
1476 2326 1480 2345 '

177 2479 180 2494 ν
212 2468 281 2530 cap.
297 2439 416 2510 XXX.
460 2443 603 2510 Socrates
624 2443 699 2509 Lib.
715 2444 760 2511 Π.
781 2469 850 2533 cap.
863 2445 963 2510 XXI.
1008 2447 1208 2535 Maissboarp
1221 2445 1296 2512 Lib.
1308 2444 1357 2511 Π.

213 2582 285 2646 pag.
303 2559 395 2644 107);
430 2580 532 2641 neque
563 2555 603 2622 iia
634 2556 713 2625 haec
748 2583 798 2624 res
827 2559 952 2626 crimini
975 2558 1045 2625 dari
1067 2547 1185 2648 potest}
1220 2558 1282 2623 hoo
1305 2567 1357 2624 est
1477 2576 1479 2595 ¹

212 2671 296 2736 enim
318 2669 497 2736 haeresium
519 2670 654 2757 insigne,
678 2672 820 2737 omnium
835 2682 1015 2759 temporum
1032 2673 1248 2759 experimento
1263 2693 1355 2735 com-

212 2781 396 2868 probatum,
430 2781 518 2864 quod
549 2792 748 2866 promotores
781 2807 889 2850 earum
919 2795 986 2848 tam
1014 2783 1175 2847 ambitiosi
1202 2790 1291 2846 erant
1318 2782 1353 2843 in

212 2893 373 2958 favoribus
400 2892 580 2977 principum
609 2903 641 2956 et
666 2895 880 2977 potentiorum
901 2893 996 2978 hujus
1018 2892 1136 2955 mundi·
1153 2887 1351 2975 appetendis,

214 3005 289 3090 quia
320 3001 486 3086 videbant,
521 3001 722 3070 Catholicam
751 3003 919 3070 ecclesiam
951 3002 1083 3067 firmiter
1116 3009 1213 3081 stare,
1247 3019 1351 3080 neque

213 3115 278 3180 ulla
298 3122 487 3199 tempestate
517 3113 645 3180 interire
672 3137 782 3201 posse3
810 3153 851 3164 -
885 3122 921 3177 ut
952 3133 1028 3197 ergo
1060 3133 1215 3176 novarum
1245 3133 1349 3176 rerum

213 3228 299 3294 sitim
321 3225 446 3313 possint
468 3225 664 3310 restinguere
687 3237 719 3292 et
742 3216 967 3310 quodcumque
985 3224 1123 3310 assequi,
1146 3223 1243 3291 fidem
1261 3247 1350 3290 suam

213 3336 350 3406 civitatis
372 3335 470 3402 fidem
490 3337 593 3403 facere
614 3338 691 3402 satis
718 3337 877 3403 habebant
905 3346 936 3401 et
966 3336 1102 3404 libenter
1135 3337 1351 3404 concedebant

214 3452 410 3540 principibus
432 3450 604 3537 primatum
627 3450 659 3512 in
683 3449 818 3516 ecclesia
840 3447 1015 3516 secundum
1038 3449 1180 3538 ipsorum
1197 3451 1351 3538 principia
1371 3535 1376 3544 ¹

213 3564 415 3652 productum.
438 3601 478 3610 -
525 3559 623 3642 Quod
654 3571 760 3658 autem
788 3562 875 3627 Zeno
909 3562 1085 3647 quaeritur,
1118 3563 1257 3628 Arianos
1289 3585 1352 3626 non

213 3701 251 3743 ea
276 3700 310 3742 re
336 3675 466 3760 quidem
501 3681 668 3738 contentos
700 3673 867 3759 gentilium
896 3695 1024 3760 quoque
1047 3697 1107 3760 ope
1126 3695 1201 3739 usos
1225 3673 1351 3738 essein

213 3787 365 3869 consiliis,
389 3785 423 3851 id
446 3808 574 3869 quoque
594 3809 634 3850 ex
653 3785 786 3852 historia
808 3785 1019 3852 demonstrari
1042 3794 1156 3871 potest.
1188 3785 1352 3864 Exactis,

214 3925 295 3986 quae
317 3897 457 3964 Mareoti
482 3897 663 3983 conscripta
684 3909 773 3963 erant
796 3899 929 3985 prodiit,
962 3897 1227 3976 chatechumenos
1250 3895 1352 3983 genti-

212 4014 259 4078 les
282 4022 314 4076 et
335 4009 479 4074 Judaeos
500 4017 598 4074 testes
622 4008 794 4075 advocatos
818 4012 916 4075 fuisse
938 4011 972 4074 in
994 4031 1090 4072 causa
1114 4019 1226 4074 contra
1248 4011 1352 4095 lechy-

212 4150 295 4199 ram,
330 4121 526 4203 dictitantes,
562 4143 597 4186 se
620 4134 801 4208 praesentes
828 4123 927 4186 fuisse
949 4121 1030 4185 inter
1052 4121 1168 4184 missae
1191 4120 1353 4199 solemnia,

216 4259 314 4322 quum
339 4237 506 4300 Macarius
529 4235 562 4299 in
582 4238 743 4322 Iscbyrara
765 4234 918 4318 impetum
941 4233 1070 4296 lecisset
1092 4231 1357 4316 (childebodus
