3012 4936
619 649 849 746 GAPUT
884 653 951 746 11.

212 849 533 926 ARGUMENTA
589 851 985 945 PROPONUNTUR,
1043 851 1184 944 QUAE
1243 853 1377 936 SEN-

314 978 544 1054 TENTIAM
580 979 634 1053 IN
673 979 1031 1095 PRAEOEDENTI
1067 979 1250 1058 OAPlTE

470 1107 745 1184 PROLATAM
775 1109 1096 1186 ADSTRUANT.

221 1319 223 1324 '
314 1312 392 1377 Non
419 1335 549 1397 parvam
576 1310 704 1378 videtur
729 1313 881 1398 praebere
909 1311 1130 1378 difficultatem
1157 1315 1374 1400 constitutio,

212 1449 351 1511 quonam
366 1447 445 1489 aevo
460 1425 558 1508 Zeno,
582 1425 766 1512 Episcopus
781 1423 978 1492 Veronensis
997 1425 1123 1509 vixerit,
1147 1449 1246 1510 quum
1262 1429 1374 1492 multi

212 1547 244 1604 et
274 1561 388 1624 graves
421 1539 592 1623 scriptores
624 1536 842 1605 demonstrare
873 1537 979 1604 eonati
1012 1537 1090 1620 sint,
1122 1561 1193 1603 eum
1221 1560 1289 1603 non
1322 1539 1372 1605 ad

212 1659 380 1736 quartum,
415 1649 473 1715 scd
496 1649 538 1716 ad
559 1651 687 1715 tertium
710 1649 911 1715 referendum
933 1671 1004 1715 esse
1026 1649 1204 1733 saeculum,
1236 1659 1269 1714 et
1293 1675 1370 1716 non

212 1763 454 1844 Confessorem,
489 1760 547 1826 sed
569 1762 748 1848 Martyrem
775 1761 889 1844 fuisse,
925 1760 1014 1846 quod
1040 1760 1137 1828 hodic
1164 1785 1295 1847 quoque
1330 1767 1369 1830 in

212 1873 449 1960 Martyrologio
471 1873 617 1938 Romano
639 1871 771 1959 legitur,
795 1882 827 1938 et
849 1896 1044 1958 quamquam
1066 1873 1269 1940 Veronenses
1294 1878 1368 1964 ipsi

212 1985 390 2050 doctissimi
411 1985 523 2072 Scipio
545 1985 712 2071 Maffejus,
744 1985 963 2074 Hieronymus
986 1995 1018 2053 et
1039 1987 1154 2052 Petrus
1176 1987 1363 2073 Ballerinii,

211 2097 312 2162 multa
348 2097 562 2184 protulerunt,
601 2120 683 2182 quac
715 2120 780 2164 non
810 2121 941 2184 parvam
975 2097 1170 2164 soliditatem
1201 2100 1363 2185 praebent

211 2209 369 2296 opinioni,
393 2209 445 2273 oui
468 2219 500 2274 et
521 2231 580 2274 nos
605 2232 700 2294 quam
724 2209 862 2274 maxime
883 2209 1041 2293 favemus,
1065 2209 1225 2277 Zenonem
1248 2213 1356 2294 quarti

212 2320 331 2387 saeculi
356 2343 426 2386 esse
440 2319 628 2403 doctorem,
650 2330 757 2386 tamen
780 2345 862 2387 uuus
883 2320 933 2384 vir
954 2323 1141 2405 praesertim
1163 2322 1354 2389 Franciscus

212 2433 416 2515 Bonachius,
446 2429 605 2500 Sacerdos
627 2431 833 2500 Pistoriensis
858 2441 968 2499 contra
989 2433 1235 2502 Balleriuiorum
1258 2457 1355 2522 argu-

212 2553 320 2611 menta
335 2555 367 2610 et
387 2545 526 2610 rationes
549 2544 790 2612 dissertationes
813 2543 924 2630 edidit,
947 2547 980 2611 in
1000 2547 1117 2634 quibus
1133 2541 1358 2632 omnia,'quae

211 2657 272 2722 viri
298 2655 332 2720 hi
362 2657 450 2722 omui
477 2655 624 2724 doctrina
649 2659 889 2727 instructissimi
919 2661 1132 2750 protulerant,
1162 2659 1358 2724 labefactare
1455 2693 1457 2698 ·

210 2775 352 2833 conatur.
399 2766 508 2848 Quum
522 2769 689 2836 Ballerinii
711 2773 784 2856 ipsi,
808 2753 981 2838 editionem
1002 2781 1195 2837 tractatuum
1215 2770 1355 2835 Zenonis

209 2868 357 2966 parantes
380 2899 498 2965 magna
520 2901 593 2942 cum
616 2879 783 2966 diligentia
803 2879 962 2964 permulta
985 2901 1025 2942 ex
1045 2878 1269 2960 manuscriptis
1285 2881 1349 2942 Ve-

210 2990 399 3054 ronensibus
428 2989 640 3074 collegerunt,
665 2999 700 3053 'et
722 2995 986 3074 comparaverunt
1008 2987 1042 3050 in
1064 2987 1130 3050 suis
1154 2983 1351 3050 dissertatio-

210 3101 319 3183 nibus,
352 3123 433 3184 quae
465 3099 658 3166 antecedunt
683 3109 836 3165 tractatus
864 3096 1094 3179 Zenonianos,
1110 3117 1228 3182 magno
1257 3094 1350 3160 nobis

212 3221 304 3278 erunt
335 3213 454 3277 auxilio
485 3213 638 3277 nonnulla
669 3235 777 3276 eorum
799 3189 1016 3296 argumenta,
1048 3209 1164 3293 quibus
1196 3208 1353 3272 accedunt

109 3316 115 3326 ¹
211 3347 292 3411 quae
307 3324 459 3411 Maffejus
481 3323 654 3410 praestitit,
678 3346 774 3407 quem
792 3325 859 3408 jam
882 3320 916 3384 in
937 3319 1047 3387 multis
1063 3320 1228 3387 Ballerinii
1250 3321 1350 3386 secuti

211 3446 303 3522 sunt,
337 3445 369 3503 et
396 3460 447 3520 ea,
479 3459 561 3520 quae
586 3434 768 3500 Bianoolini
796 3434 828 3497 in
854 3456 907 3520 op.
934 3432 987 3496 cit.
1020 3433 1172 3519 protulit,
1205 3441 1241 3496 ut
1271 3431 1350 3495 alios

210 3549 371 3616 sileamus.
415 3548 536 3613 Tamen
558 3546 721 3614 fatendum
743 3545 837 3611 nobis
860 3554 923 3629 est,
951 3567 1015 3611 non
1036 3567 1140 3631 pauca
1162 3567 1181 3608 a
1202 3544 1252 3610 his
1274 3543 1351 3608 viris

211 3661 337 3728 silentio
374 3659 545 3747 praeterita
582 3667 614 3722 et
649 3657 797 3743 neglecta
832 3657 946 3741 fuisse,
991 3657 1092 3722 multa
1127 3679 1240 3743 parum
1278 3663 1352 3740 apte
1447 3739 1451 3746 Ι

210 3782 388 3859 assumpta,
421 3771 522 3836 multa
554 3768 642 3856 apud
674 3771 729 3834 eos
762 3769 843 3834 falsa
873 3767 1004 3854 quidem
1036 3790 1121 3846 esse3
1158 3790 1257 3851 quare
1287 3791 1352 3832 non

209 3885 303 3970 plane
325 3883 418 3948 facile
440 3883 515 3964 tuit,
548 3889 736 3968 argumenta
758 3904 868 3947 eorum
890 3879 933 3944 ad
955 3880 1123 3944 obrussam
1151 3879 1293 3966 exigere,
1321 3887 1353 3944 et

210 3995 286 4060 siin
308 3994 417 4059 mrdtis
441 4016 681 4080 praecessorum
703 4003 884 4059 nostrorum
907 3991 992 4055 viam
1014 3989 1175 4073 inivimus,
1198 3990 1260 4056 hoo
1283 3994 1351 4077 ejus

210 4107 256 4172 rei
279 4129 376 4172 causa
397 4115 521 4171 tantum
548 4106 697 4189 fecimus,
730 4105 806 4190 quia
831 4103 1038 4192 praeferimus
1064 4102 1353 4168 verisimillima-et

210 4228 246 4282 ut
268 4219 361 4284 nobis
382 4216 510 4284 videtur
532 4219 624 4284 unice
651 4217 818 4305 probanda
846 4222 1048 4301 argumenta,
1075 4213 1251 4280 audaeibus
1275 4235 1351 4277 con-

206 4331 339 4417 jecturis
363 4339 395 4397 et
417 4331 669 4418 opinationibus,
688 4351 770 4412 quae
788 4325 915 4392 nonnisi
930 4326 1081 4392 novitatis
1097 4347 1194 4391 causa
1209 4322 1351 4407 qualem-
