3012 4936
749 223 789 288 24

203 407 357 447 annorum
384 381 556 448 discrimen
584 393 743 468 appareat.
774 383 826 447 Ita
852 391 884 448 et
906 384 993 448 Zeno
1020 394 1128 448 noster
1150 385 1218 448 sine
1240 382 1345 446 dubio

203 492 309 560 dicere
338 494 453 576 voluit,
484 517 519 560 se
541 505 572 559 et
595 494 797 561 Christianos
811 496 869 560 sui
891 496 1044 581 temporis
1066 505 1180 580 quarto
1212 493 1345 558 saeculo

202 605 324 688 vivere,
358 630 398 670 ex
430 629 495 691 quo
523 607 642 670 Paulus
669 607 803 692 primam
831 605 872 672 ad
900 606 1086 673 Corinthios
1107 607 1152 691 ⁴⁰)
1178 605 1346 689 scripserit

204 717 386 802 epistolam,
421 717 510 801 quod
540 719 646 783 verbis
680 741 800 799 „annos
831 719 930 784 ferme
956 717 1207 804 quadringentos
1229 717 1279 782 vel
1302 739 1343 780 eo

205 827 363 914 amplius“
387 829 601 914 negligentius
624 830 790 916 expressit
833 830 926 895 Haec
947 841 1051 896 autem
1077 829 1176 894 verba
1203 830 1342 911 „ferme“

205 949 237 1004 et
261 939 331 1021 „vel
354 962 392 1003 eo
415 939 589 1025 amplius,“
618 941 650 1005 in
676 965 711 1006 se
738 941 810 1026 ipsa
836 941 969 1024 incerta,
1000 949 1107 1027 aperte
1133 939 1218 1006 idem
1246 949 1345 1024 atque

208 1049 380 1131 „circiter“·
397 1049 587 1135 significant.
633 1053 742 1133 Quum
770 1075 847 1138 ergo
878 1076 989 1120 omues
1012 1073 1088 1118 mss.
1107 1052 1240 1118 codices
1263 1074 1343 1135 qua·

206 1159 392 1246 dringentos
423 1183 523 1227 annos
548 1162 686 1228 habeant
717 1163 937 1249 (quodetiam
960 1163 1063 1250 prima
1084 1164 1222 1230 Zenonis
1244 1162 1344 1228 editio

207 1271 333 1337 Veneta
355 1272 491 1340 Guarini
513 1285 598 1339 recte
620 1275 813 1362 impressit),
837 1280 904 1363 jam
927 1301 967 1341 ex
988 1276 1050 1341 hac
1069 1299 1167 1341 causa
1187 1271 1345 1340 correctio

208 1383 263 1446 illa
285 1384 317 1448 in
340 1383 494 1450 ducentos
517 1410 617 1452 annos
641 1386 773 1453 concedi
796 1411 859 1454 nou
882 1387 1007 1467 debuit3
1031 1397 1064 1452 at
1085 1389 1118 1452 in
1140 1385 1252 1452 eadem
1273 1387 1346 1469 ipsa

209 1495 340 1580 periodo
363 1497 451 1562 Zeno
474 1495 515 1562 de
536 1499 700 1582 religionis
724 1499 926 1568 Christianae
947 1499 1090 1582 loquitur
1115 1499 1346 1584 propagatione

208 1607 240 1670 in
263 1617 330 1671 toto
353 1609 486 1694 imperio
507 1609 654 1676 Romano
677 1611 781 1696 (quod
804 1635 891 1676 more
912 1612 1104 1695 scriptorum
1127 1611 1177 1676 sui
1191 1609 1345 1698 temporis

208 1717 318 1782 orbern
339 1728 494 1784 terrarum
521 1724 649 1806 vocat),
680 1721 768 1806 quod
791 1723 824 1786 iu
845 1723 973 1787 tertium
986 1724 1157 1788 'saeculum
1180 1746 1243 1787 non
1266 1745 1345 1805 qna-

209 1828 295 1911 drat,
318 1829 377 1895 sed
397 1831 431 1894 in
453 1840 615 1914 quartum,
638 1833 693 1897 uhi
716 1831 928 1900 Constantino
950 1835 1074 1921 Magno
1095 1841 1248 1921 regnante
1270 1833 1345 1897 reli-

209 1940 264 2026 gio
288 1939 471 2008 Christiana
493 1943 575 2007 tales
593 1944 669 2008 fecit
692 1967 894 2030 progressus,
921 1955 958 2010 ut
979 1946 1044 2012 dici
1065 1955 1193 2030 posset,
1220 1967 1291 2010 eam
1312 1945 1345 2008 in

208 2061 276 2117 toto
299 2053 375 2118 orbe
398 2063 606 2140 propagatam
629 2079 709 2122 esse.
1021 2132 1029 2144 ι

311 2162 495 2230 Secundum
519 2177 741 2252 argumentum
763 2168 896 2254 praebet
916 2168 1085 2234 Tractatus
1107 2169 1299 2234 XIV.·Lib.
1320 2169 1344 2232 Ι.

212 2275 273 2358 „de
296 2276 453 2360 spirituali
484 2277 704 2346 aedificatione
726 2281 853 2344 Domus
875 2281 975 2363 Dei,“
998 2305 1039 2345 ex
1061 2303 1126 2364 quo
1148 2282 1346 2366 apertissime

210 2397 311 2473 patet,
345 2389 583 2474 pronuntiatum
610 2391 710 2457 fuisse
737 2392 771 2456 in
797 2392 932 2457 solemni
960 2392 1114 2457 ecclesiae
1136 2391 1346 2457 dedicatione.

210 2501 307 2583 Sunt,
331 2502 388 2586 qui
409 2502 555 2587 innuant,
579 2513 652 2569 ante
669 2501 871 2571 Constantini
887 2504 935 2570 M.
957 2483 1108 2589 tempora⁴
1124 2505 1228 2570 nullas
1250 2505 1347 2570 fuisse

211 2613 415 2679 ecclesiarum
438 2614 674 2682 dedicationes:
701 2627 840 2684 attamen
855 2617 984 2703 plurimi
1001 2618 1221 2703 maximaeque
1235 2625 1346 2680 aucto-

211 2726 312 2789 ritatis
335 2727 394 2790 viri
416 2726 458 2790 ad
481 2729 584 2810 prima
599 2726 837 2795 Christianismi
858 2739 1003 2812 tempora
1018 2728 1253 2794 dedicationum
1269 2728 1348 2794 ritus

212 2835 351 2898 referunt
366 2835 427 2920 4¹),
461 2837 578 2918 quibus
612 2838 697 2902 haud
730 2840 879 2922 ambigue
913 2840 1113 2902 assentimus.
1159 2838 1348 2903 Solemniter

211 2956 317 3011 tamen
332 2955 364 3008 et
382 2969 499 3030 magno
522 2971 595 3010 cum
617 2957 770 3032 apparatu
794 2948 905 3030 primis
929 2948 1064 3012 saeculis
1087 2949 1119 3009 in
1140 2945 1345 3009 ecclesiarum

212 3055 411 3122 dedicatione
434 3057 649 3122 caeremonias
671 3057 825 3122 celebrari
844 3081 908 3122 non
929 3057 1082 3140 potuisse,
1105 3056 1184 3123 nulli
1204 3055 1347 3141 subjacet

212 3168 415 3246 dubitationi3
440 3167 474 3233 id
498 3177 611 3252 quarto
635 3167 764 3232 demum
790 3168 933 3250 saeculo,
958 3191 1037 3251 pace
1063 3169 1096 3233 in
1118 3168 1253 3234 ecclesia
1273 3191 1346 3232 con-

213 3281 323 3346 stituta
337 3280 406 3346 fieri
421 3280 577 3364 potuisse,
598 3303 707 3344 omnes
728 3289 874 3346 asserunt
893 3281 1091 3365 antiquitatis
1107 3282 1346 3367 investigatores

213 3402 245 3458 et
264 3392 417 3458 historici.
462 3393 549 3457 Zeno
575 3401 691 3475 autem,
722 3392 777 3475 qui
802 3394 853 3478 (ut
877 3393 910 3456 in
935 3392 1068 3459 exordio
1087 3395 1140 3459 cit.
1160 3401 1252 3456 tract.
1272 3413 1301 3452 n.
1320 3393 1345 3454 1.

213 3528 286 3592 pag.
315 3507 376 3570 103
409 3504 585 3589 loquitur),
625 3502 744 3585 voluit,
785 3504 989 3589 „triumphali
1028 3502 1268 3590 quodammodo·
1302 3503 1346 3566 uti

215 3641 360 3683 sermone
390 3617 529 3701 novique
557 3615 662 3699 operis
692 3638 798 3680 arcem
827 3639 951 3682 sacram
978 3616 1128 3685 laudibus
1157 3614 1345 3700 geminare,“

285 3831 318 3900 ⁴⁰)
336 3830 517 3886 Tertullianus
540 3829 567 3883 in
589 3845 639 3884 suo
662 3834 778 3886 tractatu
801 3832 836 3888 de
854 3831 1027 3903 Monogamia
1048 3831 1082 3885 ab
1100 3830 1227 3899 Epistola
1244 3831 1280 3886 ad
1298 3831 1345 3886 Co·

214 3925 329 3980 rinthios
347 3930 454 3980 centum
472 3924 615 3993 sexaginta
631 3930 754 3980 numerat
769 3941 863 3980 annos.

286 4020 318 4088 ⁴¹)
339 4015 430 4076 Oard.
445 4016 558 4075 Caesar
569 4018 738 4078 Batonius:
755 4021 876 4076 Annales
888 4020 1064 4076 ecclesiastici
1075 4035 1092 4075 a
1102 4019 1210 4076 Christo
1222 4027 1287 4076 nato
1299 4025 1344 4076 etc.

214 4113 371 4184 Mogentiaa
389 4115 464 4170 1601.
483 4115 519 4169 ad
536 4114 627 4170 adhr.
639 4115 722 4172 Lvu
740 4132 766 4170 n.
779 4117 821 4172 10.
840 4145 873 4156 -
902 4114 1036 4172 Joannea
1052 4112 1141 4172 Bono
1158 4116 1238 4171 Card.
1250 4117 1344 4170 Rerum

214 4193 527 4278 raderstadensi
551 4209 678 4280 (operum
694 4209 771 4266 rou
783 4211 829 4279 ιι.)
847 4223 905 4278 ap.
922 4207 985 4266 xx.
1003 4227 1029 4265 n.
1041 4211 1066 4266 a.
1084 4225 1147 4280 pag.
1159 4211 1219 4266 aaa
1236 4210 1278 4265 eu.
1296 4209 1345 4262 ne-

215 4305 296 4358 menii
315 4304 444 4362 Coloniae
462 4305 577 4375 Agripp.
597 4307 672 4360 1683.
