3012 4936
777 264 817 332 ll

229 426 304 512 (pria
326 449 366 490 er
388 449 425 490 ea
446 449 480 491 re
501 426 624 510 nullum
646 425 783 490 fructum
802 425 835 489 in
850 433 960 490 nostra
975 445 1072 490 eausa
1086 424 1275 510 depromere
1291 417 1367 515 pos-

228 559 349 606 sumus.
395 535 644 606 Considerantes
667 538 751 603 enim
773 537 827 602 cil.
841 537 903 601 loe.
919 537 1081 623 Gregorii,
1104 536 1250 604 videmus
1274 563 1368 626 aper-

227 651 350 716 tissime
373 673 445 716 eum
463 650 620 734 profiteri,
643 673 678 715 se
698 658 823 714 tantum
846 665 893 731 ea,
916 671 997 733 quae
1021 650 1083 715 sibi
1104 673 1124 714 a
1143 650 1271 716 Joanne
1294 653 1367 717 Tri-

226 763 314 828 buno
337 772 368 826 et
390 759 576 848 Pronulpho
598 759 727 829 Comite
748 770 875 828 narrata
897 770 1013 844 essent,
1035 763 1161 828 referre.
1198 765 1244 828 Hi
1259 776 1367 830 autem

228 874 302 957 riri,
330 884 366 939 ut
388 897 482 958 saepe
505 871 672 938 accidebat
693 873 849 960 Martyris
871 881 904 938 et
926 870 1129 940 Confessoris
1151 877 1280 940 nomina
1301 901 1366 942 non

229 989 306 1052 satis
329 997 476 1050 accurate
499 983 707 1071 distinguere,
729 991 762 1050 et*
777 983 937 1070 Gregorio
952 981 992 1048 de
1015 984 1168 1050 miraculo
1184 1009 1203 1051 a
1219 988 1367 1070 ,Zenone

228 1101 386 1184 martyre“
414 1106 540 1181 patrato
568 1113 695 1162 narrare
721 1105 876 1182 poterant.
921 1095 1030 1178 Quum
1057 1107 1165 1162 autom
1188 1097 1366 1185 Gregorius

227 1210 439 1274 narrationem
460 1231 568 1274 eorum
592 1209 822 1274 continuationi
844 1208 1000 1274 sermonis
1023 1207 1160 1274 mediam
1183 1211 1365 1298 interponit,

229 1322 333 1407 accipi
360 1319 456 1387 debet
481 1321 544 1386 hoc
569 1321 804 1404 testimonium,
838 1343 901 1385 non
933 1342 952 1386 a
979 1319 1153 1406 Gregorio,
1188 1325 1363 1407 provenire,

228 1435 286 1499 sed
308 1435 414 1518 potius
438 1434 479 1498 ab
501 1433 627 1498 Joanne
649 1433 794 1499 Tribuno
817 1443 849 1498 et
866 1431 1058 1519 Pronulpbo
1078 1431 1217 1515 Comite,
1241 1436 1297 1519 qni
1318 1437 1363 1500 sa-

228 1546 346 1611 oillime
360 1546 488 1610 titulum
504 1545 626 1610 Zenoni
641 1546 849 1612 attribuentes
872 1568 975 1610 errare
997 1555 1152 1630 poterant.
1185 1547 1259 1612 Hoc
1275 1549 1363 1612 testi-

228 1653 346 1739 monio,
369 1659 405 1722 in
421 1655 558 1743 dialogis
573 1657 725 1745 Gregorii
738 1667 887 1723 contento
902 1658 1046 1723 nituntur
1068 1659 1131 1724 fere
1153 1660 1263 1723 omnes
1286 1660 1364 1724 aliae

227 1770 371 1856 martyrii
394 1769 532 1834 Zenonis
554 1771 809 1852 testificationes,
837 1767 1023 1854 praesertim
1045 1771 1361 1858 Martyrologiorum,

229 1880 269 1947 de
293 1881 410 1966 quibus
432 1903 535 1965 pauca
557 1881 650 1946 nobis
673 1893 748 1946 sunt
770 1880 915 1946 dicenda.

749 2092 784 2174 ᾧ.
804 2092 835 2155 3.
1169 2151 1174 2162 .

259 2207 545 2283 Martyroloprbrarm
562 2209 598 2265 de
616 2189 732 2266 Zenona
750 2207 919 2266 teatimmaio
932 2205 1139 2282 proferuntur,
1154 2210 1325 2284 prasentia

383 2301 741 2378 Martyrolopii,Rornani
760 2299 900 2376 Grepmtii
917 2302 1007 2360 XIII.
1018 2303 1111 2378 jassa
1129 2305 1211 2378 editi.

285 2526 289 2534 Ι
330 2443 461 2529 Negare
487 2463 550 2506 non
577 2463 764 2528 possumus,
791 2441 900 2508 multis
927 2465 967 2507 ex
995 2445 1100 2508 causis
1129 2445 1363 2532 martyrologiis

229 2558 296 2623 sive
333 2555 523 2642 menologiis
561 2556 782 2622 auctoritatem
817 2569 966 2644 magnam
1004 2555 1249 2622 adscribendam
1284 2579 1364 2637 esse,

228 2681 327 2754 quum
354 2681 428 2754 post
459 2670 652 2737 clarissimas
686 2669 926 2736 dissertationes
953 2667 1241 2750 Bollandistanrm,
1275 2693 1365 2755 prae-

228 2781 325 2865 cipne'
343 2781 554 2864 Hensohenii,
583 2781 796 2865 Papebrochii
819 2792 851 2848 et
872 2781 1004 2862 Solleri,
1031 2803 1090 2844 neo
1112 2803 1176 2844 non
1197 2779 1366 2844 Binterimi

228 2889 441 2975 aliorumque,
465 2893 543 2956 satis
566 2889 652 2976 apud
675 2913 784 2956 omnes
808 2892 1001 2970 notumsit,
1024 2890 1214 2954 Sanctorum
1238 2891 1369 2954 nomina

227 3023 393 3089 paucaque
415 3025 456 3065 ex
478 3025 590 3066 eorum
609 3000 675 3064 vita
696 3003 836 3066 maximo
859 3023 932 3066 oum
955 2997 1062 3064 studio
1086 2996 1201 3061 collato
1220 2997 1319 3060 fuisse
1334 3010 1367 3060 et

228 3137 300 3180 cnm
324 3113 425 3178 multo
446 3112 557 3179 labore
578 3125 609 3178 et
632 3110 748 3176 sudore
768 3132 921 3198 persaepe
936 3109 1035 3174 fnisse
1051 3111 1238 3195 conjunctos
1254 3117 1365 3172 auoto-

227 3247 298 3292 rum
321 3235 464 3308 conatus,
487 3236 523 3290 nt
538 3224 578 3291 de
590 3223 717 3293 Sanctis
741 3220 963 3306 certumqnid
985 3220 1097 3284 afferre
1119 3215 1254 3304 possint,
1277 3221 1365 3305 quod

228 3339 364 3406 saeculis
386 3339 565 3422 praeteritis
585 3335 749 3404 difficilius
764 3335 824 3401 fuit
839 3356 931 3420 opus,
955 3355 1053 3418 quum
1070 3342 1102 3398 et
1115 3331 1211 3397 hodie
1227 3355 1364 3416 quoque,

228 3451 283 3516 ubi
305 3460 354 3516 tot
375 3451 463 3514 uaria
485 3473 595 3537 opera,
629 3459 677 3514 tot
705 3458 780 3513 sunt
805 3455 931 3534 reperta
961 3444 1179 3527 monumenta,
1210 3465 1365 3528 quaeres

228 3562 467 3648 quodammodo
490 3571 616 3648 paratas
639 3561 769 3644 faciunt,
792 3569 841 3624 tot
862 3557 1062 3624 documenta·
1076 3581 1116 3622 ex
1135 3554 1277 3621 latibulis
1293 3566 1365 3620 sunt

228 3686 332 3758 eruta,
375 3675 492 3760 quibus
523 3674 571 3739 illi
602 3683 748 3740 auctores
780 3671 1080 3759 martyrologiorum
1117 3689 1181 3733 non
1198 3721 1204 3732 .
1219 3676 1365 3752 poterant

228 3787 494 3873 uti,=per1nultae
520 3809 572 3852 res
598 3783 832 3851 incertitudinis
859 3785 926 3848 rica
952 3792 1027 3848 sunt
1054 3781 1184 3845 velatae.
1229 3777 1309 3844 Inde
1333 3779 1365 3842 in

228 3895 471 3987 Ma'rtyrologiis
494 3897 594 3963 multa
617 3897 833 3980 eontinentur,
861 3919 942 3981 quae
965 3891 1037 3960 cum
1060 3892 1192 3958 veritate
1214 3890 1365 3955 historica

228 4033 340 4098 parum
364 4011 575 4075 consentiunt.
620 4009 761 4075 Omnino
777 4007 1081 4095 Martyrologiorum
1103 4005 1275 4090 scriptores
1296 4013 1365 4066 tan-

228 4135 297 4192 tum
319 4123 563 4194 notabilioribus
586 4121 843 4202 auctoritatibus,
867 4141 947 4205 ques
970 4117 1139 4205 praecipue
1161 4117 1194 4180 in
1217 4113 1365 4180 Patribus

228 4235 445 4321 inveniebant,
477 4235 659 4302 nitebantur
689 4255 790 4318 eaque
821 4233 889 4298 sine
915 4230 982 4296 ulla
1008 4229 1207 4296 dubitatione
1229 4227 1365 4311 accipie-

229 4349 318 4414 bant:
342 4349 447 4416 Patris
470 4360 576 4416 autem
599 4349 734 4435 alicujus
757 4344 939 4410 testimonio
961 4344 1109 4410 resistere
1131 4340 1237 4406 nullus
1257 4361 1366 4404 eorum
