3012 4936
745 273 784 336 86

197 431 395 496 inscribitur:
421 431 492 513 „De
515 431 548 498 S.
567 432 695 496 Zenone
719 431 883 517 Episcopo
907 441 937 494 et
961 429 1141 516 Martyre,“
1165 428 1254 513 dicit,
1279 432 1340 496 Z'e·

196 565 385 608 nonem-an.
401 545 466 610 260
488 523 560 610 suli
571 543 720 610 Gallieno
742 539 876 622 vixissess
900 541 1050 628 Gregorii
1065 541 1112 606 M.
1135 523 1228 608 affert
1249 545 1341 610 testi-

197 655 354 738 monium,
386 679 459 742 pag.
475 657 515 722 51.
545 655 656 720 titulos
684 678 865 721 sermonum
897 643 1073 738 enuinerat,
1106 656 1343 743 nonnullosque

196 767 320 832 Basilio
343 777 376 832 et
397 767 524 832 Hilario
547 766 776 833 adscribendos
805 789 875 832 esse
907 766 1112 832 demonstrat.
1159 768 1233 850 ,De
1259 769 1342 854 aliis,

197 878 376 964 concludit,
400 903 463 946 non
486 880 604 962 habeo,
632 878 720 964 quod
744 855 863 964 dicam,
892 871 954 944 nisi
976 877 1101 964 aliquos
1124 901 1195 946 esse
1217 880 1341 947 brevis·

197 991 312 1074 simos,
340 1001 376 1055 ut
398 1015 561 1057 sermones
583 991 649 1057 dici
671 1017 735 1058 non
759 1001 952 1070 mereantur3
980 991 1106 1077 aliquos
1129 1015 1201 1057 esse
1223 995 1340 1079 r'epeti-

196 1101 299 1168 tiones
322 1102 471 1182 aliorum;
495 1104 620 1188 aliquos
643 1103 688 1169 ita
710 1105 879 1188 obscuros,
902 1113 939 1168 ut
959 1102 1094 1190 intelligi
1116 1113 1283 1188 nequeant,
1306 1115 1338 1169 et

197 1212 286 1298 quod
309 1238 360 1280 me
382 1216 464 1281 male
487 1215 593 1299 habet,
617 1215 658 1282 de
673 1216 724 1282 his
741 1215 941 1282 sermonibus
964 1213 1084 1280 nullam
1106 1223 1227 1280 exstare
1248 1213 1334 1299 apud

197 1336 321 1392 veteres
345 1327 548 1394 mentionem.
593 1327 721 1394 Primus
749 1327 848 1411 enim,
877 1328 934 1413 qui
956 1351 1010 1394 eos
1034 1325 1153 1392 invenit
1176 1323 1334 1392 Guarinus

197 1437 258 1502 fuit
279 1439 476 1506 Veronensis
500 1439 629 1506 Orator.
674 1439 834 1510 Consulat
859 1440 960 1506 lector
986 1435 1083 1508 Card.
1110 1417 1339 1503 Baroniumin

197 1549 282 1615 notis
307 1549 564 1640 Martyrologii.“

301 1664 456 1730 Robertru
472 1664 569 1730 Coeus
593 1663 625 1730 in
641 1662 788 1732 Censura
811 1664 1010 1748 quorundam
1033 1662 1236 1748 scriptorum,
1260 1685 1340 1748 quae

198 1771 258 1836 sub
281 1773 410 1840 nomine
430 1775 622 1842 Sanctorum
645 1785 677 1840 et
699 1783 840 1840 veterum
863 1769 1070 1840 auctorum'a
1084 1773 1265 1840 Pontificiis
1288 1797 1338 1839 so-

197 1883 264 1948 lent
291 1883 390 1948 oitari.
440 1884 636 1950 Helmstadii
661 1887 753 1953 1683.
781 1907 854 1972 pag.
880 1887 943 1953 154
965 1908 1012 1970 sq.
1036 1885 1068 1950 in
1091 1885 1195 1952 artic:
1234 1886 1337 1968 „Zeno

197 1985 394 2062 Veronensis
417 2006 466 2063 est
490 1995 734 2084 supposititius“
756 2008 1004 2086 argumentatur,
1028 1997 1198 2064 nonnullos
1220 2021 1337 2064 sermo-

197 2130 255 2173 nes
277 2108 396 2174 Hilarii
427 2120 459 2176 et
481 2111 597 2177 Basilii
629 2135 714 2196 esse,
748 2136 789 2178 ex
817 2135 962 2178 sermone
988 2111 1030 2177 de
1052 2109 1245 2176 continentia
1267 2133 1338 2196 pro-

197 2221 320 2306 venire,
344 2233 505 2290 auctorem
529 2227 598 2310 ejus
623 2224 734 2306 quinto
758 2223 886 2288 saeculo
908 2222 1041 2300 vixisse3
1064 2223 1097 2286 in
1106 2201 1251 2306 'reliquis
1275 2223 1338 2287 Ba-

198 2333 289 2412 ronii,
306 2331 390 2397 sixti
406 2334 569 2415 Senensis,
590 2332 758 2397 Possevini
774 2340 806 2396 et
819 2331 1007 2397 Bellarmini
1023 2335 1195 2424 sententias
1212 2345 1340 2400 secutus

198 2453 257 2527 est,
280 2466 320 2508 ex
342 2443 381 2510 iis
404 2453 510 2510 tamen
532 2452 656 2509 tantuna
670 2467 708 2510 ea
730 2442 940 2532 deprompsit,
965 2469 1046 2532 quae
1068 2445 1171 2533 ipsius
1193 2445 1339 2534 proposi-

197 2555 278 2621 tioni
303 2557 461 2623 favebant.

302 2668 449 2737 Andreas
471 2672 600 2738 Rioetua
622 2675 775 2740 Pictanus
796 2671 1013 2740 heterodoxus
1028 2671 1228 2759 Anglicanus
1251 2669 1340 2736 simi-

197 2781 270 2844 liter
298 2803 335 2845 ac
359 2779 467 2850 Cocus
490 2781 536 2847 in:
582 2779 718 2866 „Critici
754 2787 856 2852 secri“
890 2784 1041 2851 Genevae
1066 2785 1165 2866 1660,
1199 2783 1272 2848 Lib.
1295 2782 1339 2846 11.

198 2915 262 2976 quo
277 2901 432 2958 tractatur
447 2893 487 2960 de
501 2895 573 2960 III¹¹
592 2897 711 2964 saeculi
727 2896 951 2982 scriptoribus,
975 2919 1044 2980 cap.
1056 2893 1156 2972 XIX.
1172 2893 1338 2976 inscripto:

198 3004 251 3070 De
274 3002 367 3070 Sixto
390 3006 443 3072 Π.’
458 3008 624 3095 Episcopo
647 3009 792 3075 Romano
815 3017 847 3072 et
868 3006 989 3069 Zenoni
1011 3002 1189 3069 Veronensi
1217 2999 1337 3067 adscri-

198 3117 284 3203 ptis“
307 3141 382 3205 pag.
406 3121 470 3186 243
491 3120 628 3207 indicat,
656 3143 759 3204 neque
781 3119 821 3182 ab
844 3115 1044 3201 Hieronymo
1066 3114 1228 3181 Zenonem
1251 3137 1338 3180 com-

197 3240 407 3297 memoratum
431 3225 513 3318 esse,
536 3258 639 3320 neque
661 3231 790 3300 omnino
813 3237 886 3294 ante
909 3250 957 3292 an.
977 3228 1074 3312 1508,
1096 3226 1152 3293 ubi
1175 3226 1338 3294 Guarinus

197 3341 334 3410 ediderit
381 3348 450 3433 ejus
495 3369 677 3430 sermones,
701 3337 828 3409 'ullum
878 3364 988 3406 eorum
1032 3339 1185 3406 indicium
1229 3339 1337 3405 fuisse.

197 3456 276 3543 Peg.
300 3459 365 3528 244
396 3467 497 3524 totam
520 3457 708 3524 Bell'armini
739 3455 830 3522 affert
862 3454 1065 3539 sententiam,
1091 3463 1158 3517 'nec
1184 3475 1248 3516 non
1271 3452 1335 3516 Ba·

196 3568 292 3652 ronii,
316 3569 400 3636 sixti
423 3567 590 3652 Senensis,
631 3569 799 3634 Possevini
822 3575 854 3633 et
881 3564 1057 3632 concludite
1104 3562 1217 3646 „Quae
1239 3587 1338 3649 quum

198 3680 242 3745 ita
265 3680 343 3766 sint,
375 3681 514 3749 viderint
535 3677 710 3763 Pontificii,
744 3678 901 3766 imprimis
924 3676 1071 3744 Jodocus
1095 3674 1249 3759 Coccius,
1283 3677 1339 3760 qui

197 3793 357 3861 ementitis
379 3793 469 3862 hisee
490 3791 682 3860 testimoniis
705 3790 883 3859 delectatur
905 3800 936 3857 et
963 3787 1118 3872 abundat,
1147 3786 1226 3872 quid
1253 3787 1339 3873 apud

196 3905 342 3973 homines
364 3923 429 3974 non
450 3929 582 3996 prorsus
606 3903 753 3993 stupidos
776 3903 973 3991 perficiant.“
997 3941 1038 3950 -

83 4093 87 4100 ,
297 4021 437 4087 Joaoaes
459 4018 616 4086 Hernicus
637 4016 843 4084 OttiusHist.
859 4015 936 4082 eccl.
952 4013 1052 4078 Profa
1076 4011 1242 4078 Examinis
1265 4035 1334 4099 per-

196 4129 284 4216 petui
317 4129 350 4196 in
382 4131 525 4198 Annales
557 4125 707 4200 Caesaris
738 4128 871 4194 Beronii
899 4123 995 4194 Card.
1025 4121 1118 4192 Ceut.
1140 4123 1202 4188 III.
1225 4123 1343 4211 Tiguri¹

198 4242 290 4308 1676.
314 4242 364 4308 ed.
390 4229 544 4310 Gessneri
568 4241 680 4308 scribit
701 4239 743 4305 ad
765 4263 815 4304 an.
830 4239 904 4306 260.
927 4259 1000 4325 pag.
1016 4238 1090 4304 204.
1113 4259 1143 4300 n.
1162 4236 1206 4300 la
1229 4235 1336 4318 ,Zeno

196 4331 393 4423 Veronensis
426 4357 608 4447 Episcopus
641 4353 759 4442 pietate
790 4359 822 4419 et
855 4348 1000 4418 doctriua
1032 4347 1181 4433 celebris,
1216 4355 1337 4434 martyr
