3012 4936
700 243 739 307 79

149 453 348 605 graphia.
317 515 394 580 viri
411 525 442 578 et
477 511 710 578 accuratissimi
688 449 886 576 editores
916 513 1029 576 fratres
1062 514 1177 602 Petrus
1213 512 1292 596 (nat

151 637 182 700 Ἰ.
205 632 295 716 Sept.
320 627 419 713 1698)
442 634 475 689 et
499 626 708 711 Hieronymus
730 625 810 710 (nat.
832 625 884 690 29.
904 622 1037 688 Januar.
1062 624 1160 710 1702)
1183 625 1291 692 Balla·

150 747 233 810 ninii
254 763 370 806 novam
393 746 543 804 curarunt
564 735 737 802 editionem
761 737 823 802 sub
837 735 944 800 titulo·
970 735 1023 818 ,S.
1040 734 1189 818 Zenonis,
1213 734 1292 819 Epi-

152 855 244 939 scopi
265 851 460 920 Veronensis
484 848 654 916 Sermones
678 872 763 916 nunc
786 849 940 934 primum,
969 871 1033 932 qua
1055 871 1114 934 par
1135 855 1215 930 erat,
1244 845 1293 911 di-

152 945 384 1054 ligentia.editi
406 971 465 1028 etc.
481 970 710 1026 recensuerunt
724 971 756 1026 et
771 955 1052 1027 dissertationibus
1066 959 1294 1045 perpetuisque
1338 989 1341 994 ·

154 1075 412 1150 adnotationibus
445 1073 644 1139 illustrarunt
674 1072 760 1138 Petr.
773 1111 778 1119 ſs
792 1081 824 1138 et
850 1073 941 1139 Hier.
975 1073 1104 1139 hhatres
1126 1057 1294 1138 Ballerinii

149 1189 336 1277 Presbyteri
366 1185 579 1251 Veronenses.
628 1183 777 1251 Veronae
806 1187 899 1252 1139.
931 1186 996 1250 lol..
1017 1185 1092 1250 min.
1116 1223 1157 1232 —
1202 1181 1293 1248 Haec

151 1301 250 1368 editio
274 1299 417 1364 omnium
439 1296 535 1381 longe
558 1296 692 1379 optima,
716 1295 758 1360 ob
781 1295 1205 1386 dissertationespraecipue
1221 1317 1293 1360 cum

151 1435 271 1498 magna
287 1407 466 1475 eruditione
482 1409 679 1492 conscriptas
694 1410 868 1474 maximum
884 1409 982 1481 habet
996 1409 1147 1484 valorem.
1171 1406 1293 1472 Omnes

153 1547 230 1590 mss.
254 1519 403 1605 codices,
427 1543 508 1606 qnos
530 1519 698 1592 Ballerinii
719 1530 782 1585 aut·
796 1521 859 1605 ipsi
886 1519 1009 1603 ridere,
1036 1529 1092 1587 aut
1114 1518 1294 1602 dequibus

151 1659 210 1721 per
229 1631 455 1701 doctos'viros
478 1643 595 1699 certam
624 1632 770 1698 notitiam
798 1633 962 1720 percipere
989 1641 1149 1718 poterant,
1178 1650 1293 1694 consu-

149 1748 279 1814 luerunt
298 1755 346 1830 et,
375 1743 513 1812 examini
536 1753 692 1810 accurato·
708 1744 921 1810 subdiderunt
945 1745 1061 1829 omnia,
1085 1751 1301 1828 quaecunque

150 1859 193 1926 ad
213 1840 313 1926 sitam
336 1858 431 1946 hujus
454 1857 650 1924 Veronensis
674 1856 826 1924 antistitis
848 1859 1016 1942 pertinent.
1117 1907 1121 1916 .

255 1970 495 2054 subsequentes
527 1967 683 2034 editiones
698 1947 760 2035 ad.
775 1970 937 2056 exemplar
969 1969 1203 2035 Balleriniauae
1225 1989 1293 2053 pa-

152 2091 239 2147 ratae
268 2090 352 2147 sunt.
396 2082 493 2145 Anno
518 2081 601 2146 1758
628 2082 797 2166 Augustae
820 2080 1063 2146 Vindelicorum
1091 2079 1190 2146 editio
1211 2077 1292 2147 Ser-

151 2217 283 2260 monum
305 2192 444 2259 Zenonis
466 2189 601 2276 prodiit,
625 2171 825 2276 quaeetiam
848 2180 1103 2275 dissertationes,
1126 2202 1219 2258 notas
1234 2201 1294 2256 etc.

150 2305 399 2372 Balleriniorum
434 2303 588 2370 continet:
620 2303 757 2371 adaucta
779 2314 829 2371 est
850 2287 956 2371 antem
980 2303 1107 2376 duobus
1129 2303 1294 2390 opusculis

151 2419 321 2482 Francisci
343 2419 513 2500 Bonocbii,
542 2413 726 2484 Sacerdotis
748 2407 971 2499 Pistoriensis,
999 2417 1055 2501 qui
1082 2415 1294 2501 incpusculo

153 2549 213 2591 sno
246 2524 387 2592 secundo
414 2527 661 2592 Ball'erinicrnm
696 2535 884 2611 argumenta
913 2551 971 2612 pro
1006 2527 1130 2611 epocha
1155 2526 1294 2590 Zenonis

152 2636 279 2702 illibate
301 2645 435 2702 conatus
457 2645 516 2700 est.
560 2635 671 2700 Editio
693 2637 765 2719 ipsa
785 2640 830 2702 4ιο
847 2637 892 2700 ita
913 2636 960 2702 ad
976 2637 1224 2702 Ballerinianam
1247 2647 1295 2702 est

152 2747 376 2831 accomodata,
409 2757 447 2813 ut
467 2747 627 2831 videatur,
651 2748 908 2833 imprimaturem
931 2749 1117 2814 arbitratum
1139 2771 1229 2832 esse,
1260 2773 1295 2816 se

75 2938 78 2944 Ι
151 2884 250 2948 opera
272 2859 532 2945 suscipiendam
555 2861 752 2929 correctione
774 2870 978 2948 peccatorum
999 2861 1191 2949 typographi
1207 2863 1293 2949 prio-

44 3003 46 3008 ·
149 2973 194 3039 ris
233 2970 442 3061 supersedere
479 2997 584 3059 posse.
616 3011 659 3022 ——
709 2974 854 3041 Andreae
891 2974 1086 3040 Gallandins
1121 2974 1294 3064 Presbyter

151 3081 423 3173 Congregationis
447 3085 528 3152 Orat
515 3085 590 3151 torii
612 3086 646 3150 in
661 3063 865 3152 Bibliotheca
878 3086 1034 3153 Veterum
1041 3086 1187 3153 Petrum
1197 3089 1291 3152 Anti·

150 3219 353 3280 quorumque
368 3196 568 3284 Scriptorum
583 3197 885 3292 Ecclesiastmorum
893 3209 1067 3284 postrema
1081 3197 1293 3285 Lugduneusi

151 3317 214 3373 etc.
242 3307 390 3374 Venetiis
414 3310 508 3374 1769.
530 3331 581 3392 ap.
602 3308 636 3374 J.
658 3309 698 3374 B.
723 3285 897 3390 Albritinm
920 3309 1013 3375 Tom.¹
1027 3310 1069 3375 V.
1092 3333 1165 3397 pag.
1184 3313 1291 3378 105—

151 3420 213 3488 158
240 3429 395 3486 tractatus
417 3418 556 3486 Zenonis
583 3419 694 3506 edidit.
738 3422 902 3486 Promittit
927 3417 1057 3506 quidem
1086 3420 1292 3489 Gallaudins:

153 3529 244 3610 „Nos
260 3555 336 3598 vero
352 3530 586 3617 praetermissis
601 3516 781 3615 fusioribus
790 3531 957 3599 doctorum
974 3532 1133 3598 editorum
1147 3532 1291 3598 animad-

151 3641 368 3728 versionibus,
399 3665 586 3730 germanum
609 3646 747 3710 auctoris
778 3654 917 3730 textum,
950 3654 1046 3731 prout
1067 3645 1107 3710 ab
1130 3646 1209 3729 ipsis
1231 3647 1293 3710 fnit

152 3753 363 3839 emacrdatns,
396 3755 602 3841 proferimus,
634 3751 752 3822 additis
784 3757 947 3834 nonnullis
979 3755 1021 3821 ad
1052 3755 1175 3841 aliquot
1201 3757 1291 3822 locos

150 3860 469 3951 locupletationibus,
502 3889 584 3952 quae
615 3869 704 3955 ipsos
730 3870 858 3956 fugisse
892 3867 1059 3956 videntur“
1093 3879 1231 3934 attamen
1257 3893 1291 3934 re

151 3997 227 4039 vera
249 3975 352 4043 nullas
375 3980 595 4075 annotationes
617 3979 708 4063 fecit,
737 4003 818 4072 quae
842 3991 946 4048 antem
970 3981 1010 4046 ab
1033 4005 1070 4046 eo
1094 3990 1168 4084 sunt
1189 3981 1291 4047 factae

150 4085 270 4153 nullius
293 4089 358 4154 fere
381 4099 455 4155 sunt
476 4085 644 4175 momenti,
667 4091 712 4156 ita
733 4101 770 4157 ut
792 4091 857 4158 dici
879 4095 991 4180 possit,
1014 4092 1092 4164 nihil
1108 4115 1183 4158 novi
1174 4090 1291 4159 addi-

149 4208 219 4264 tum
242 4223 387 4268 esse.-
420 4202 546 4270 Ultima
568 4202 705 4290 denique
728 4202 827 4270 editio
843 4213 893 4270 est
906 4204 1119 4310 Parisiensis
1111 4229 1144 4270 rn
1158 4205 1290 4294 Mignii:
1316 4287 1318 4292 Ι

151 4310 377 4401 ,Patrologiae
405 4337 500 4382 cursu
522 4318 701 4406 completo“
726 4315 892 4386 SerieIml
914 4317 1005 4384 Tom.
1018 4281 1091 4384 XI.
1116 4319 1208 4386 1845.
1251 4318 1291 4382 In
1336 4399 1337 4404 ἵ
