3012 4936
742 258 784 322 ta

188 418 258 484 tino
280 443 299 482 a
320 417 495 484 Francisco
520 416 560 482 de
583 417 812 482 Bonnaeoraiis
835 441 885 481 an.
905 419 988 484 1486
1010 405 1191 482 Florentiae
1217 413 1282 496 ed,
1306 415 1338 480 in

190 529 429 618 Martyrologio
452 555 472 595 a
493 527 658 598 Wrtfordo
681 529 806 616 anglice
830 526 933 612 edito,
960 529 995 594 in
1016 527 1252 616 Martyrologio
1274 527 1338 593 Eo·

191 641 364 708 clesiamm
391 642 593 728 Italicarum,
628 641 660 708 in
692 640 842 708 chronico
867 663 927 706 ms.
950 639 1141 727 Reginensi,
1174 639 1339 724 inmultis

71 757 76 773 “
193 751 401 836 Germaniae,
435 753 585 840 Belgiae,
617 755 658 820 A.
692 751 878 818 Britanniae
910 751 1147 840 martyrologiis
1179 753 1339 818 Zenonem

192 861 420 942 Confessorem
445 865 646 950 praedicari·
681 867 870 932 Edmundna
885 867 1030 932 Murteae
1050 864 1083 930 in
1106 887 1158 951 op.
1181 864 1234 930 De
1256 864 1338 928 anti·

189 977 263 1062 quis
285 976 454 1042 Ecclesiae
477 978 591 1044 ritibus
613 955 821 1064 Antwerpiae
847 977 930 1042 1736
954 974 1004 1042 ed.
1028 975 1130 1063 Brigi.
1169 976 1261 1046 Tom.
1277 976 1338 1042 III.

189 1089 262 1154 Lib.
278 1087 341 1154 III.
365 1112 436 1176 cap.
453 1090 540 1160 XV.
554 1114 631 1177 pag,
644 1092 742 1184 1060Ι
751 1088 895 1172 litaniam
918 1087 1008 1172 prelo
1036 1088 1190 1176 subjecit,¹
1220 1089 1254 1153 in
1277 1111 1339 1174 qua

189 1201 277 1265 Zeno
302 1201 480 1268 Confessor
502 1203 685 1281 invocatur,
709 1225 792 1288 quae
814 1200 925 1266 litania
948 1225 988 1267 ex
1011 1200 1136 1268 Ordine
1150 1201 1177 1266 I.
1201 1223 1260 1266 ms.
1284 1221 1336 1267 eo-

190 1311 272 1380 dicis
295 1315 482 1380 monasterii
505 1314 539 1382 S.
562 1313 741 1382 Benedicti.
754 1312 979 1380 Floriacensis.
993 1321 1199 1400 exprompta,
1223 1323 1260 1377 ut
1281 1337 1336 1377 no·

187 1437 236 1491 tat
257 1427 412 1514 Martene'
429 1450 502 1513 pag.
523 1429 605 1494 1054
628 1425 754 1492 circiter
785 1428 850 1493 900
867 1436 949 1494 ›erat
981 1449 1146 1491 annorum.
1168 1471 1180 1507 ¹·
1199 1425 1238 1490 In
1271 1449 1336 1492 ser·

189 1561 285 1604 mone
308 1539 513 1606 Venerabilis
536 1538 691 1628 Coronati
713 1538 856 1604 Notarii:
889 1537 929 1604 de
952 1540 1018 1603 vita
1040 1537 1074 1606 S.
1097 1536 1236 1604 Zenonis
1258 1537 1337 1624 Epi·

190 1651 281 1734 scopi
304 1661 336 1715 et
349 1648 581 1734 Confessoris,
605 1652 661 1737 qui
685 1650 822 1736 primum
846 1673 865 1714 a
886 1649 1014 1716 Bonino
1037 1648 1243 1733 Mombritio,
1272 1660 1338 1714 turn

188 1761 228 1826 ab
244 1760 388 1847 Ughello
407 1761 498 1827 Tom.
510 1760 551 1826 V.
567 1763 720 1857 pag.‚555
735 1785 775 1826 ex
789 1770 916 1828 vetusto
940 1759 1052 1828 codice
1074 1761 1212 1828 haedino
1224 1761 1336 1828 Abba·

186 1874 250 1938 tiae
278 1871 313 1941 S.
337 1871 525 1938 Salvatoris·
541 1872 667 1937 Montis
699 1871 825 1937 Amiati
859 1873 979 1960 publici
1010 1871 1093 1961 juria
1124 1875 1228 1939 factus
1262 1883 1337 1957 era-t,

186 1997 255 2050 tum
279 1984 374 2050 etiam
398 1985 439 2050 ab
462 1984 670 2051 Hensehenio
693 1985 727 2050 in
748 2008 800 2070 op.
824 1985 877 2052 cit
901 2009 976 2074 pag.
994 1987 1036 2054 70
1050 1997 1083 2052 et
1100 1988 1155 2070 71,
1174 1989 1212 2052 'et
1226 1986 1336 2052 aBal-

188 2098 309 2163 leriniis
332 2096 501 2164 numellis
524 2097 739 2164 monumentis
763 2096 868 2164 editus
891 2101 982 2187 est),
996 2099 1116 2185 ubique
1138 2097 1226 2166 Zeno
1250 2097 1335 2166 Uon-

190 2212 294 2277 lessor
314 2219 463 2289 vocatum
486 2209 567 2274 vixit
589 2219 695 2286 autem
710 2210 763 2276 hic
779 2208 962 2278 Coronatus
988 2211 1164 2294 „Notarius
1180 2209 1334 2278 Christia-

190 2323 363 2388 nissimus“
389 2333 503 2387 octavo
521 2321 665 2387 saeculo.
691 2360 732 2370 -
777 2322 817 2386 In
839 2321 1006 2410 Rhythmo
1029 2322 1069 2389 de
1091 2322 1125 2390 S.
1148 2322 1277 2388 Zenone
1297 2345 1335 2387 ex

190 2433 304 2500 codice
326 2431 508 2518 Capitulari
532 2433 651 2504 saeculi
675 2433 755 2502 cirea
765 2433 829 2499 IX.
855 2434 1052 2517 „Confessor
1073 2429 1207 2502 Domini
1230 2447 1262 2501 et
1275 2434 1337 2500 Pa-

188 2556 255 2612 stor
266 2546 404 2632 Populi“
423 2535 555 2612 vocatur
570 2547 703 2618 antistes
719 2556 835 2613 noster
843 2548 944 2635 (apud
954 2548 1151 2622 Ballerinios
1162 2572 1235 2634 pag.
1245 2549 1337 2634 151),

189 2658 310 2725 idem
301 2682 334 2728 ιιι
361 2659 497 2725 historia
519 2659 752 2728 Translatronrs
775 2659 811 2730 S
833 2661 973 2728 Zenonis
1001 2662 1041 2727 ab
1064 2662 1238 2748 Anonymo
1261 2683 1338 2725 con-

189 2771 309 2856 scripta
331 2769 443 2857 (apud
450 2771 579 2854 Bellen,
603 2773 659 2874 qui
682 2766 754 2840 eum
779 2774 970 2840 monachum
985 2762 1209 2842 Zenonianum.
1227 2771 1337 2858 appel-

185 2884 268 2963 lant,
305 2905 380 2986 pag.
401 2883 479 2966 153)
507 2906 548 2946 ex
569 2883 651 2947 XII.
675 2885 877 2952 saeculo.-
921 2882 985 2947 His
1018 2880 1210 2966 testimoniis
1244 2881 1337 2964 plura

186 2991 304 3062 addere
338 2981 465 3078 possint
498 3017 537 3058 ex
572 3015 668 3078 opere
686 2981 958 3072 Ballen'niorum,
992 2991 1048 3073 qui
1079 3013 1118 3068 cx¹
1150 2989 1335 3056 missalibus

185 3129 279 3189 mss,
312 3103 464 3192 hymnis
467 3101 704 3188 breviariisque
731 3111 859 3170 nostrae
883 3100 1058 3168 sententiae
1072 3101 1221 3170 faventia
1243 3127 1333 3170 erue-

184 3228 258 3286 runt
279 3225 468 3304 argumenta
491 3203 580 3304 (pag.
599 3217 781 3284 158-170
802 3201 852 3280 ed.
875 3212 985 3301 Ball).
1012 3231 1017 3239 ·

267 3361 270 3368 ·
286 3329 395 3412 Quum
413 3352 496 3416 ergo
518 3329 626 3404 omnia
651 3329 717 3398 fere
735 3325 924 3392 testimonia
945 3325 1004 3411 pro
1023 3327 1177 3416 martyri'o
1193 3328 1333 3394 Zenonis

180 3453 303 3511 tantum
318 3466 359 3508 ex
375 3440 527 3528 Gregorii
542 3441 590 3506 M.
606 3438 794 3506 auctoritate
815 3438 1074 3525 proficiscuntur,
1097 3441 1153 3526 qui
1169 3440 1238 3528 ipse
1253 3440 1332 3507 alio-

181 3581 252 3622 rum
275 3531 459 3643 ignotorum
482 3551 611 3618 aliunde
634 3552 774 3618 viromm
797 3551 879 3618 citat
897 3551 1010 3635 verba,
1040 3545 1231 3620 concludere
1253 3576 1329 3638 pos·

183 3689 304 3751 sumus,
327 3664 555 3751 praestantiam
578 3663 721 3730 dandam
741 3687 812 3744 esse
835 3663 1039 3747 testimoniis,
1062 3686 1146 3749 quae
1168 3664 1329 3732 Zenonem

180 3778 407 3850 Confessorem
438 3775 639 3862 praedicant,
672 3777 748 3862 quia
778 3776 858 3844 haec
880 3777 1054 3842 maximum
1080 3776 1199 3844 habent
1221 3776 1327 3842 suble-

182 3900 365 3958 vamentum
396 3890 430 3954 in
462 3890 554 3976 praxi
576 3889 773 3958 Veronensis
800 3871 983 3973 Ecclesiae,
1017 3913 1055 3956 eo
1086 3889 1207 3977 magis,
1240 3887 1329 3974 quod

116 4043 119 4048 -
172 4004 251 4070 satis
273 4025 344 4068 rara
364 4002 460 4068 luerit
479 4024 546 4087 res,
568 4011 605 4068 ut
634 4002 723 4070 Zeno
745 4004 806 4069 sub
827 4001 1007 4070 finem'IV.
1031 4001 1155 4068 saeculi
1177 4001 1212 4066 in
1232 4000 1327 4066 Italia

172 4124 293 4202 martyr
315 4123 450 4181 mortem
474 4113 592 4182 obierit
612 4139 717 4201 neque
739 4116 779 4182 ab
795 4115 863 4182 ullo
879 4123 1157 4199 contemporaneo,
1181 4112 1221 4180 de
1237 4105 1319 4178 mar·

169 4228 253 4318 tyrio
276 4229 344 4316 ejus
369 4228 455 4295 lacta
477 4228 520 4296 sit
542 4227 672 4296 mentio.
