3012 4936
778 225 813 286 10

227 395 337 451 contra
362 383 509 448 haereses
536 382 701 469 pugnabat
727 382 829 462 Zen03
863 381 1060 465 exstirpabat
1092 381 1187 446 etiam
1221 383 1366 451 studiose

225 497 398 584 gentilismi
421 496 583 581 reliquias,
606 495 662 578 qui
684 493 789 558 adhuc
810 501 906 578 eaput
919 492 1057 575 levabat,
1079 493 1239 560 reluctans
1255 507 1367 562 eontra

225 609 393 674 ecclesiam
416 629 636 693 apparensque
657 607 691 670 in
714 604 994 689 superstitionibus
1017 614 1050 670 et
1080 605 1182 672 atheis
1210 609 1364 693 moribus,

225 721 415 786 christianae
442 721 606 786 doctrinae
637 718 774 800 odiosis,
806 739 888 802 quae
909 725 1016 782 tamen
1037 718 1171 784 firmiter
1194 721 1309 788 studiis
1333 733 1365 789 et

224 833 378 898 institutis
394 855 504 898 recens
519 831 752 916 baptizatorum
770 831 955 917 praesertim
971 829 1186 915 inhaerebant,
1202 873 1243 881 —
1259 858 1363 919 neque

224 945 285 1010 hoc
311 953 379 1009 erat
404 944 497 1009 facile
524 965 620 1028 opus,
649 966 722 1008 nam
748 942 890 1027 positum
917 950 966 1006 est
994 943 1103 1008 nescio
1126 943 1204 1028 quid
1225 945 1310 1010 firmi
1332 957 1363 1011 et
1410 970 1414 976 ·

223 1055 466 1142 inexplanabilis
490 1057 523 1120 in
546 1055 641 1121 corde
664 1055 818 1138 humano,
853 1053 940 1138 quod
967 1055 1107 1120 animum
1139 1057 1171 1120 in
1192 1059 1363 1140 praeterita

222 1169 373 1234 transfert
397 1177 542 1252 tempora
565 1189 700 1251 eumque
723 1189 795 1231 curn
818 1166 958 1250 antiquis
981 1175 1107 1250 patrum
1130 1167 1242 1234 usibus
1264 1171 1361 1234 mori-

222 1282 348 1370 busque
367 1281 488 1367 jungit',
517 1279 663 1364 quamvis
686 1301 741 1344 eos
764 1278 877 1364 religio
901 1286 932 1343 et
954 1278 1034 1342 ratio
1056 1279 1193 1365 rejiciat,
1221 1279 1309 1365 quod
1331 1293 1363 1346 et

223 1393 390 1458 recentiori
404 1400 548 1477 tempore
562 1391 688 1476 insigne
703 1391 948 1458 Mexicanorum
964 1389 1151 1474 comprobat
1170 1392 1361 1477 exemplum.

223 1505 370 1570 Maximo
393 1527 465 1571 oum
497 1504 605 1570 studio
627 1503 714 1569 Zeno
746 1515 855 1569 noster
885 1501 1085 1587 vituperabat
1114 1501 1240 1588 fideles,
1274 1505 1362 1588 quod

221 1618 364 1683 nondum
387 1617 556 1704 ejecissent
578 1639 618 1679 ex
640 1617 793 1680 memoria
819 1613 1081 1698 consuetudines,
1114 1638 1195 1699 quae
1217 1638 1281 1680 non
1304 1616 1361 1683 de·

222 1737 315 1793 ceant
336 1728 480 1794 ethnicos
503 1737 535 1792 et
557 1724 813 1794 Christianorum
837 1727 1002 1791 animosa
1029 1749 1063 1816 sc
1090 1726 1273 1792 abstrahere
1304 1727 1359 1793 de-

221 1840 330 1923 beant,
353 1839 446 1916 ¹idola
472 1838 636 1925 ejiciebat,
664 1859 746 1920 quae
769 1835 896 1902 deserta
918 1838 1062 1921 stabant,
1090 1839 1123 1901 in
1145 1839 1252 1905 ruinas
1275 1841 1360 1905 fran-

221 1949 318 2036 gebat
350 1949 553 2034 splendorem
580 1973 704 2031 eorum,
738 1948 788 2015 his
812 1971 940 2034 quoque
963 1948 1176 2035 exprobrabat
1197 1951 1359 2018 levitatem

221 2074 253 2127 et
267 2061 526 2146 indifferentiam,
550 2062 606 2146 qui
627 2063 661 2126 in
682 2062 813 2126 remotis
835 2061 928 2147 pagis
951 2062 1072 2126 cultum
1096 2061 1229 2128 deorum
1250 2065 1359 2149 prohi-

220 2175 295 2240 bere
317 2199 381 2240 non
403 2184 511 2240 essent
533 2175 648 2239 conati.
692 2173 876 2239 Verisimile
899 2182 964 2254 est,
980 2172 1145 2237 'Zenonem
1167 2174 1218 2240 his
1234 2176 1358 2263 episco-

220 2289 270 2372 pis
292 2285 567 2353 adnumerandum
590 2307 670 2368 esse,
693 2307 775 2370 quos
797 2285 1000 2370 Augustinus
1023 2283 1115 2370 epist.
1138 2285 1257 2352 XXII.
1280 2313 1312 2358 11.
1327 2292 1360 2355 4.

221 2397 398 2482 collaudat,
431 2399 487 2483 qui
508 2381 681 2463 nocturnos
705 2406 895 2480 conventus,
927 2397 961 2460 in
983 2377 1100 2482 quibus
1123 2397 1251 2465 ethnico
1272 2425 1360 2466 more

220 2511 352 2598 opipara
360 2519 629 2598 pertractarentur
641 2509 1025 2595 conviviasustulissent.
1047 2507 1122 2576 Lib.
1131 2509 1158 2574 I.
1169 2510 1358 2578 TractXV.

219 2608 291 2711 pag.
309 2625 381 2691 115.
415 2626 499 2692 enim
533 2623 599 2710 (ed.
621 2616 926 2711 Ballerinianoruni)
958 2621 1071 2689 acerbe
1093 2621 1181 2688 Zeno
1212 2623 1360 2711 objurgat

217 2735 329 2800 fideles
352 2746 497 2802 sanctum
520 2737 782 2805 coemeteriorum
804 2736 911 2802 locum
935 2736 1089 2802 conviviis
1113 2735 1180 2799 suis
1213 2735 1357 2817 coinqui-

217 2855 329 2910 nantes
352 2869 456 2930 neque
479 2846 691 2912 dubitandum
713 2847 806 2912 nobis
828 2856 896 2929 est,
928 2845 1049 2926 coeptis
1073 2847 1140 2928 ejus
1163 2841 1357 2926 succedisse,

217 2979 315 3040 quum
338 2956 466 3021 aliunde
489 2965 600 3022 notum
624 2957 679 3038 sit,
707 2958 869 3022 Zenonem
898 2955 1047 3037 „Patrem
1075 2951 1217 3034 patriae“
1245 2954 1355 3040 appel-

215 3069 330 3149 latum,
362 3065 404 3132 ad
432 3091 579 3152 „omnem
605 3067 776 3132 virtutem“
802 3066 939 3130 traxisse
966 3084 1042 3127 suos
1069 3060 1286 3158 dioecesanos.
1314 3105 1355 3116 —

215 3180 267 3242 De
289 3179 399 3244 multis
420 3180 507 3245 vitiis
531 3189 563 3246 et
585 3177 758 3246 sceleribus
772 3176 916 3261 loquitur
930 3175 1032 3254 Zen03
1055 3198 1114 3260 pro
1137 3186 1224 3242 certo
1247 3178 1356 3244 haberi

216 3287 346 3374 quidem
374 3289 483 3374 debet,
517 3292 612 3357 etiam
637 3289 717 3354 tales
744 3283 843 3354 fuisse
869 3288 1032 3370 Veronae,
1065 3288 1120 3372 qui
1147 3289 1187 3354 ab
1214 3290 1355 3356 antistite

216 3425 274 3466 suo
298 3402 339 3467 ob
361 3402 515 3466 malitiam
546 3401 719 3488 perstringi
751 3401 927 3488 potuerint,
957 3408 1065 3466 tamen
1091 3399 1211 3486 gaudet
1235 3409 1354 3485 noster,

215 3537 250 3579 se
281 3514 420 3600 optimae
453 3535 600 3598 praeesse
634 3513 741 3599 gregi,
775 3512 818 3578 ad
848 3527 944 3598 quam
971 3537 1035 3578 non
1061 3512 1240 3599 pertineant
1266 3511 1353 3596 vitia,

214 3627 389 3712 generatim
413 3650 432 3691 a
454 3650 488 3692 se
511 3635 642 3708 attacta,
671 3648 806 3709 quorum
832 3625 1065 3714 turpitudinem
1092 3625 1160 3709 ejus
1187 3622 1233 3687 rei
1257 3645 1355 3689 causa

213 3726 337 3802 tantum
361 3739 390 3802 ei
412 3747 484 3801 ante
507 3735 617 3828 oculos
641 3737 798 3821 posuerit,
827 3750 862 3803 ut
889 3762 926 3804 eo
953 3737 1056 3823 magis
1082 3737 1116 3799 in
1141 3733 1259 3800 virtute
1285 3737 1352 3800 ani-

214 3871 301 3912 mum
329 3853 397 3935 ejus
426 3847 601 3915 confirmet.
645 3847 823 3932 Postquam
851 3851 934 3915 enim
962 3847 1063 3912 multa
1089 3845 1131 3910 de
1158 3847 1298 3930 peccatis
1321 3856 1352 3911 et

188 3938 191 3943 ⁴
213 3959 254 4024 de
275 3959 362 4024 vitiis
383 3959 510 4025 locutus
533 3969 595 4042 est,
618 3960 663 4024 ita
684 3960 757 4025 Lib.
773 3959 800 4024 Ι.
824 3959 930 4028 Tract.
945 3959 991 4024 X.
1014 3981 1087 4044 pag.
1104 3959 1155 4023 82.
1179 3981 1212 4022 n.-
1225 3961 1255 4024 4.
1278 3981 1350 4043 per-

213 4070 274 4156 git:
298 4069 386 4152 „Sed
407 4071 486 4137 haec
507 4095 571 4137 non
594 4071 733 4155 advos,
757 4074 884 4157 fratres,
908 4092 1044 4154 quorum
1066 4068 1198 4156 largitas
1221 4069 1349 4157 provin-

213 4182 271 4246 ciis
293 4181 442 4276 cmnibns
464 4194 539 4247 ncta
559 4192 618 4266 est,
641 4207 778 4268 quorum
792 4183 846 4268 pia
862 4181 984 4248 semina
997 4179 1097 4265 totius
1112 4180 1349 4267 quodammodo
1418 4215 1420 4219 ·

212 4293 298 4360 orbis
320 4317 378 4380 per
400 4295 542 4361 membra
560 4298 730 4382 jactantur.
774 4293 807 4357 A
828 4291 920 4359 vobis
943 4294 1036 4359 multi
1057 4292 1229 4378 redempti,
1257 4291 1349 4356 multi

1489 4367 1496 4448 l
