3012 4936
723 225 739 286 a

164 383 206 450 ad
229 383 436 458 ¹ethnicorum
472 380 638 445 hominum
671 381 850 464 captionem
884 377 1106 445 accomodatas
1140 376 1302 443 doctrinas

164 494 407 577 disseminabat,
446 501 477 557 et
507 492 651 576 ipsorum
676 491 916 577 ,Imperatorum
949 491 1071 556 munita
1106 490 1302 573 protectione

164 607 315 674 audacter
336 605 535 690 superbeque
558 613 655 688 caput
675 603 823 687 tollebat,
852 627 891 669 ex
914 613 1074 668 tantorum
1096 610 1301 687 patronorum

164 719 322 806 adjutorio
345 727 377 784 et
398 715 618 783 benevolentia
640 715 793 780 laetitiam
817 715 957 801 capiens.
1002 715 1041 780 In
1062 715 1157 780 Italia
1180 737 1302 780 errores

165 831 357 896 Arianorum
383 815 479 914 longe
505 828 632 914 lateque
659 837 748 894 erant
774 827 931 914 divulgati
953 836 985 893 et
1006 826 1151 892 nonnulli
1173 825 1303 911 quidem

108 979 112 988 ·
165 943 314 1024 Pastores
348 941 455 1028 gregis
489 939 686 1023 dominicae,
719 963 856 1024 quorum
883 940 973 1026 vigili
1000 938 1161 1024 praesidio
1186 936 1304 1002 tradita

165 1063 232 1119 erat
253 1053 361 1119 ovium
384 1053 540 1135 custodia,
564 1053 666 1118 autin
680 1053 800 1138 vigiliis
816 1052 1047 1118 indifferentiae
1063 1049 1304 1138 obdormierunt

164 1188 292 1248 somno,
326 1174 381 1231 aut
409 1165 472 1249 ipsi
499 1165 531 1229 in
557 1166 667 1236 hostes
695 1165 848 1230 ecclesiae
874 1165 1077 1229 transmutati
1109 1162 1207 1227 fidem
1239 1185 1303 1226 non

165 1285 330 1342 servarunt
352 1300 371 1341 a
392 1276 543 1341 Patribus
564 1275 714 1340 traditam
739 1285 770 1341 et
792 1277 932 1360 pessimo
955 1275 1102 1359 exemplo
1129 1275 1195 1340 suis
1222 1274 1301 1338 fide-

164 1389 249 1453 libus
264 1387 404 1452 Arianae
426 1385 567 1450 haeresis
589 1386 789 1452 inculcarunt
811 1386 1009 1452 detrahentia
1029 1387 1094 1451 Dei
1115 1386 1199 1451 Filio
1222 1386 1303 1472 dog-

165 1507 267 1562 mata:
291 1498 336 1562 ita
358 1507 390 1563 et
411 1500 609 1580 Maenalius,
632 1496 884 1582 Mediolanensis
908 1499 1079 1582 episcopus
1101 1499 1303 1584 (354-374)

165 1620 197 1675 et
223 1611 430 1676 Fortunatius
455 1608 675 1695 Aquilejensis
702 1610 830 1698 publice
857 1610 1035 1700 doctrinam
1061 1611 1134 1675 Arii
1166 1610 1304 1696 professi

164 1730 252 1805 sunt,
286 1730 322 1787 ut
348 1721 426 1786 alios
456 1720 616 1812 sileamus.
664 1720 736 1788 ‘Sed
758 1723 791 1787 in
814 1722 990 1788 Veronensi
1012 1723 1154 1788 antistite
1175 1723 1303 1788 firmum

164 1857 251 1900 error
272 1833 465 1898 Arianorum
481 1821 609 1904 invenit
631 1835 905 1922 oppugnaculum,
928 1857 1026 1919 aquo
1042 1834 1150 1900 omnia
1170 1835 1305 1918 refracta
1401 1858 1402 1862 ¹

164 1955 240 2015 sunt
264 1945 343 2028 tela,
361 1928 519 2010 'validum
546 1943 746 2011 defensorem
773 1946 923 2030 ecclesia,
956 1947 1013 2031 qui
1039 1969 1097 2012 sua
1124 1946 1304 2032 eloquentia

165 2080 292 2122 ornnem
325 2057 487 2122 evertebat
518 2080 656 2122 errorem
684 2068 715 2123 at
741 2082 837 2124 sanae
868 2056 1031 2124 doctrinae
1066 2058 1301 2124 ecclesiasticae

166 2171 238 2235 cibo
264 2170 557 2254 pascebataDeo
585 2170 648 2236 sibi
674 2169 829 2235 creditum
863 2170 960 2251 ovile,
993 2179 1024 2235 et
1046 2195 1146 2256 quum
1169 2171 1198 2236 ei
1221 2181 1305 2247 esset

164 2279 352 2368 magnitudo
375 2265 501 2348 consilii
523 2291 619 2367 atque
641 2283 780 2368 ingenii,
804 2282 923 2347 eximia
944 2283 1095 2348 sanctitas
1118 2292 1151 2348 et
1168 2282 1304 2368 insignis

164 2393 251 2459 zelus
272 2416 331 2478 pro
346 2393 443 2459 domo
458 2395 533 2478 Dei,
556 2395 694 2458 maxime
717 2393 757 2459 de
780 2395 915 2460 ecclesia
937 2395 999 2460 sibi
1022 2393 1151 2460 subdita
1173 2394 1304 2458 meritus

165 2517 222 2570 est.
267 2503 462 2590 Singillatim
485 2503 525 2570 de
547 2508 617 2591 ejus
639 2505 752 2570 ardore
774 2507 807 2569 in
829 2504 1044 2589 praedicando
1066 2506 1164 2569 verbo
1196 2503 1322 2569 divino'

168 2625 200 2680 et
222 2616 254 2679 in
277 2615 491 2700 exstirpandis
512 2616 678 2708 ¹errorlbus
713 2614 830 2699 diserte
863 2616 994 2698 antiqua
1026 2625 1231 2680 monumenta
1256 2615 1303 2678 lo-

166 2737 324 2811 quuntur,
356 2750 437 2811 quae
463 2726 496 2792 in
523 2726 715 2811 pervetustis
743 2726 924 2812 antiphonis
953 2737 984 2791 et
1010 2726 1205 2790 orationibus
1228 2749 1303 2792 con·

164 2839 318 2917 tinentur3
346 2838 408 2902 alia
436 2838 519 2904 enim
548 2839 738 2922 profitentur
760 2861 907 2920 „omnem
930 2848 1045 2904 terram
1068 2837 1215 2904 doctrina
1237 2842 1304 2926 ejus

164 2950 317 3034 repletam
346 2950 481 3033 fuisse‚“
514 2949 576 3014 alia
597 2949 783 3035 praedicant
806 2949 868 3030 „ad
891 2949 1120 3016 convertendas
1143 2950 1177 3014 in
1199 2974 1305 3016 amore

165 3059 288 3129 Christi
316 3062 438 3126 animas
466 3060 517 3126 die
544 3070 705 3145 noctuque
732 3085 803 3126 eum
832 3059 976 3127 deditum
1007 3063 1142 3145 suisse,“
1179 3063 1304 3147 „quoti-

165 3172 260 3236 diana
290 3163 426 3257 populos
462 3171 636 3238 erudiendo
668 3174 817 3240 refecisse
845 3173 946 3239 divini
973 3175 1128 3240 sermonis
1156 3174 1306 3240 alimonia

165 3284 248 3349 vitae
272 3293 303 3349 et
325 3284 415 3369 quod
435 3283 573 3358 fideliter
595 3284 766 3350 coelestem
788 3284 989 3370 praedicasse
1012 3286 1146 3350 militem
1170 3309 1305 3370 sequen-

165 3393 242 3459 dum
270 3394 437 3487 decorum,
472 3397 534 3462 hoo
561 3419 656 3481 opere
679 3395 854 3480 adimplere
877 3421 948 3462 eum
972 3396 1188 3463 indesinenter
1210 3397 1305 3460 mira-

164 3506 261 3572 bilem
290 3505 543 3591 dispensatorem
573 3512 732 3572 curasse.“
778 3506 844 3573 Sed
871 3509 1017 3574 omnibus
1049 3508 1188 3574 externis
1215 3509 1304 3573 testi-

165 3619 299 3702 moniis,
331 3642 413 3704 quae
436 3623 504 3706 ejus
527 3619 630 3683 zelum
653 3640 713 3702 pro
735 3615 831 3683 domo
854 3620 919 3686 Dei
949 3620 1139 3702 ostendunt,
1174 3630 1305 3704 antepo-

164 3728 269 3794 nenda
295 3740 369 3796 sunt
399 3753 580 3796 sermonum
613 3734 681 3816 ejus
713 3741 931 3815 monumenta,
967 3755 1005 3796 ex
1038 3731 1156 3816 quibus
1191 3731 1304 3814 elucet,

165 3849 283 3923 quanto
311 3863 384 3906 cum
410 3865 517 3908 amore
539 3842 604 3907 Dei
631 3841 791 3928 dogmatis
819 3842 1028 3908 ecclesiastici
1054 3843 1305 3927 propugnaverit

163 3952 339 4038 veritatem,
366 3962 398 4018 et
419 3964 538 4039 quanta
561 3977 633 4019 cum
656 3951 802 4018 doctrina
823 3953 1014 4019 haereticam
1039 3953 1197 4018 detexerit
1215 3953 1304 4018 falsi-

162 4071 272 4134 tatem.
1074 4066 1078 4076 “

262 4175 313 4241 Εο
334 4174 431 4241 modo
445 4177 595 4259 Arianos,
618 4175 838 4260 Photinianos‚
862 4174 1073 4241 Helvidianos
1097 4184 1129 4240 et
1152 4176 1231 4242 alios
1254 4177 1303 4241 in-

162 4287 345 4354 sectabatur
378 4287 479 4353 Verbi
513 4288 613 4354 diviui
646 4288 851 4354 detractores.
886 4327 931 4348 -.
977 4287 1043 4354 Sed
1080 4312 1143 4352 non
1181 4298 1305 4354 tantum
