<?xml version="1.0" encoding="UTF-8"?>
<!DOCTYPE html PUBLIC "-//W3C//DTD XHTML 1.0 Transitional//EN"
    "http://www.w3.org/TR/xhtml1/DTD/xhtml1-transitional.dtd">
<html xmlns="http://www.w3.org/1999/xhtml" xml:lang="en" lang="en">
 <head>
  <title>
</title>
<meta http-equiv="Content-Type" content="text/html;charset=utf-8" />
  <meta name='ocr-system' content='tesseract 3.04.00' />
  <meta name='ocr-capabilities' content='ocr_page ocr_carea ocr_par ocr_line ocrx_word'/>
</head>
<body>
  <div class='ocr_page' id='page_1' title='image "./zenoveronensise00jazdgoog_0108.png"; bbox 0 0 3012 4936; ppageno 0'>
   <div class='ocr_carea' id='block_1_1' title="bbox 709 231 768 297">
    <p class='ocr_par' dir='ltr' id='par_1_1' title="bbox 709 231 768 297">
     <span class='ocr_line' id='line_1_1' title="bbox 709 231 768 297; baseline 0 0"><span class='ocrx_word' id='word_1_1' title='bbox 709 231 768 297; x_wconf 77' lang='grc'>103</span> 
     </span>
    </p>
   </div>
   <div class='ocr_carea' id='block_1_2' title="bbox 102 389 1400 3950">
    <p class='ocr_par' dir='ltr' id='par_1_2' title="bbox 102 389 1400 3950">
     <span class='ocr_line' id='line_1_2' title="bbox 163 389 1393 484; baseline -0.005 -22"><span class='ocrx_word' id='word_1_2' title='bbox 163 397 282 484; x_wconf 82' lang='lat' dir='ltr'>stringi</span> <span class='ocrx_word' id='word_1_3' title='bbox 303 415 367 459; x_wconf 86' lang='lat' dir='ltr'>nou</span> <span class='ocrx_word' id='word_1_4' title='bbox 389 402 510 480; x_wconf 81' lang='lat' dir='ltr'>potest,</span> <span class='ocrx_word' id='word_1_5' title='bbox 534 396 601 479; x_wconf 89' lang='lat' dir='ltr'>jam</span> <span class='ocrx_word' id='word_1_6' title='bbox 624 414 721 478; x_wconf 89' lang='lat' dir='ltr'>supra</span> <span class='ocrx_word' id='word_1_7' title='bbox 743 389 1040 456; x_wconf 82' lang='lat' dir='ltr'>demonstravimus.</span> <span class='ocrx_word' id='word_1_8' title='bbox 1083 389 1183 456; x_wconf 90' lang='lat' dir='ltr'>Nunc</span> <span class='ocrx_word' id='word_1_9' title='bbox 1204 413 1305 478; x_wconf 85' lang='lat' dir='ltr'>pauca</span> <span class='ocrx_word' id='word_1_10' title='bbox 1387 463 1393 470; x_wconf 53' lang='grc'><strong>,</strong></span> 
     </span>
     <span class='ocr_line' id='line_1_3' title="bbox 165 502 1305 589; baseline -0.006 -15"><span class='ocrx_word' id='word_1_11' title='bbox 165 505 306 574; x_wconf 86' lang='lat' dir='ltr'>dicenda</span> <span class='ocrx_word' id='word_1_12' title='bbox 335 514 410 572; x_wconf 91' lang='lat' dir='ltr'>sunt</span> <span class='ocrx_word' id='word_1_13' title='bbox 436 502 477 570; x_wconf 89' lang='lat' dir='ltr'>de</span> <span class='ocrx_word' id='word_1_14' title='bbox 503 503 603 570; x_wconf 81' lang='lat' dir='ltr'>altera</span> <span class='ocrx_word' id='word_1_15' title='bbox 628 503 723 588; x_wconf 87' lang='lat' dir='ltr'>longe</span> <span class='ocrx_word' id='word_1_16' title='bbox 749 503 969 569; x_wconf 86' lang='lat' dir='ltr'>infelicissima</span> <span class='ocrx_word' id='word_1_17' title='bbox 1002 505 1192 589; x_wconf 88' lang='lat' dir='ltr'>conjectura.</span> <span class='ocrx_word' id='word_1_18' title='bbox 1240 504 1305 568; x_wconf 80' lang='lat' dir='ltr'>Pu-</span> 
     </span>
     <span class='ocr_line' id='line_1_4' title="bbox 165 613 1306 702; baseline -0.002 -19"><span class='ocrx_word' id='word_1_19' title='bbox 165 620 257 684; x_wconf 88' lang='lat' dir='ltr'>tabat</span> <span class='ocrx_word' id='word_1_20' title='bbox 276 616 424 684; x_wconf 89' lang='lat' dir='ltr'>Bonachi</span> <span class='ocrx_word' id='word_1_21' title='bbox 452 624 575 700; x_wconf 86' lang='lat' dir='ltr'>aperte,</span> <span class='ocrx_word' id='word_1_22' title='bbox 607 615 798 698; x_wconf 75' lang='lat' dir='ltr'>Emanium,</span> <span class='ocrx_word' id='word_1_23' title='bbox 829 613 1022 692; x_wconf 84' lang='lat' dir='ltr'>Ballerinios</span> <span class='ocrx_word' id='word_1_24' title='bbox 1053 623 1085 679; x_wconf 92' lang='lat' dir='ltr'>et</span> <span class='ocrx_word' id='word_1_25' title='bbox 1110 613 1205 697; x_wconf 89' lang='lat' dir='ltr'>alios,</span> <span class='ocrx_word' id='word_1_26' title='bbox 1237 619 1306 702; x_wconf 84' lang='lat' dir='ltr'>ejus</span> 
     </span>
     <span class='ocr_line' id='line_1_5' title="bbox 166 725 1306 814; baseline 0 -20"><span class='ocrx_word' id='word_1_27' title='bbox 166 731 214 795; x_wconf 91' lang='lat' dir='ltr'>rei</span> <span class='ocrx_word' id='word_1_28' title='bbox 245 751 342 795; x_wconf 89' lang='lat' dir='ltr'>causa</span> <span class='ocrx_word' id='word_1_29' title='bbox 366 738 489 796; x_wconf 86' lang='lat' dir='ltr'>tantum</span> <span class='ocrx_word' id='word_1_30' title='bbox 517 727 633 792; x_wconf 85' lang='lat' dir='ltr'>Arium</span> <span class='ocrx_word' id='word_1_31' title='bbox 663 726 725 791; x_wconf 89' lang='lat' dir='ltr'>loc.</span> <span class='ocrx_word' id='word_1_32' title='bbox 752 727 805 792; x_wconf 88' lang='lat' dir='ltr'>cit.</span> <span class='ocrx_word' id='word_1_33' title='bbox 837 726 1040 814; x_wconf 87' lang='lat' dir='ltr'>designatum</span> <span class='ocrx_word' id='word_1_34' title='bbox 1072 749 1142 794; x_wconf 83' lang='lat' dir='ltr'>esse</span> <span class='ocrx_word' id='word_1_35' title='bbox 1163 725 1306 810; x_wconf 80' lang='lat' dir='ltr'>dixisse,</span> 
     </span>
     <span class='ocr_line' id='line_1_6' title="bbox 170 831 1308 928; baseline -0.002 -22"><span class='ocrx_word' id='word_1_36' title='bbox 170 843 247 928; x_wconf 83' lang='lat' dir='ltr'>quia</span> <span class='ocrx_word' id='word_1_37' title='bbox 262 841 308 907; x_wconf 93' lang='lat' dir='ltr'>ibi</span> <span class='ocrx_word' id='word_1_38' title='bbox 321 839 403 906; x_wconf 91' lang='lat' dir='ltr'>illud</span> <span class='ocrx_word' id='word_1_39' title='bbox 417 833 452 922; x_wconf 74' lang='grc' dir='ltr'>ἦν</span> <span class='ocrx_word' id='word_1_40' title='bbox 467 865 548 921; x_wconf 77' lang='grc' dir='ltr'><em>ποτε,</em></span> <span class='ocrx_word' id='word_1_41' title='bbox 570 839 616 904; x_wconf 76' lang='grc' dir='ltr'>ὅτε</span> <span class='ocrx_word' id='word_1_42' title='bbox 636 843 688 904; x_wconf 78' lang='grc' dir='ltr'>οὐκ</span> <span class='ocrx_word' id='word_1_43' title='bbox 708 831 743 919; x_wconf 70' lang='grc' dir='ltr'>ἤν</span> <span class='ocrx_word' id='word_1_44' title='bbox 764 839 967 925; x_wconf 89' lang='lat' dir='ltr'>perstrictum</span> <span class='ocrx_word' id='word_1_45' title='bbox 990 849 1088 906; x_wconf 89' lang='lat' dir='ltr'>esset:</span> <span class='ocrx_word' id='word_1_46' title='bbox 1112 838 1308 907; x_wconf 83' lang='lat' dir='ltr'>demonstrat</span> 
     </span>
     <span class='ocr_line' id='line_1_7' title="bbox 170 949 1307 1041; baseline -0.004 -18"><span class='ocrx_word' id='word_1_47' title='bbox 170 955 269 1041; x_wconf 82' lang='lat' dir='ltr'>igitur</span> <span class='ocrx_word' id='word_1_48' title='bbox 282 952 428 1018; x_wconf 91' lang='lat' dir='ltr'>Bonachi</span> <span class='ocrx_word' id='word_1_49' title='bbox 449 953 535 1018; x_wconf 90' lang='lat' dir='ltr'>huuc</span> <span class='ocrx_word' id='word_1_50' title='bbox 557 949 711 1036; x_wconf 86' lang='lat' dir='ltr'>loquendi</span> <span class='ocrx_word' id='word_1_51' title='bbox 733 950 864 1017; x_wconf 85' lang='lat' dir='ltr'>modum</span> <span class='ocrx_word' id='word_1_52' title='bbox 883 955 951 1038; x_wconf 89' lang='lat' dir='ltr'>jam</span> <span class='ocrx_word' id='word_1_53' title='bbox 974 949 1060 1035; x_wconf 90' lang='lat' dir='ltr'>apud</span> <span class='ocrx_word' id='word_1_54' title='bbox 1076 951 1307 1018; x_wconf 80' lang='lat' dir='ltr'>Tertullianum</span> 
     </span>
     <span class='ocr_line' id='line_1_8' title="bbox 168 1063 1307 1152; baseline 0.002 -23"><span class='ocrx_word' id='word_1_55' title='bbox 168 1066 315 1148; x_wconf 81' lang='lat' dir='ltr'>inveniri,</span> <span class='ocrx_word' id='word_1_56' title='bbox 340 1063 509 1152; x_wconf 88' lang='lat' dir='ltr'>Origincm</span> <span class='ocrx_word' id='word_1_57' title='bbox 533 1073 643 1130; x_wconf 90' lang='lat' dir='ltr'>contra</span> <span class='ocrx_word' id='word_1_58' title='bbox 664 1085 737 1129; x_wconf 90' lang='lat' dir='ltr'>eum</span> <span class='ocrx_word' id='word_1_59' title='bbox 760 1063 948 1150; x_wconf 50' lang='lat' dir='ltr'>scripsisses</span> <span class='ocrx_word' id='word_1_60' title='bbox 962 1063 1156 1151; x_wconf 88' lang='lat' dir='ltr'>Dionysium</span> <span class='ocrx_word' id='word_1_61' title='bbox 1180 1087 1307 1150; x_wconf 90' lang='lat' dir='ltr'>quoque</span> 
     </span>
     <span class='ocr_line' id='line_1_9' title="bbox 167 1175 1308 1260; baseline -0.002 -18"><span class='ocrx_word' id='word_1_62' title='bbox 167 1176 422 1243; x_wconf 86' lang='lat' dir='ltr'>Alexandrinum</span> <span class='ocrx_word' id='word_1_63' title='bbox 444 1199 482 1242; x_wconf 94' lang='lat' dir='ltr'>eo</span> <span class='ocrx_word' id='word_1_64' title='bbox 505 1199 599 1241; x_wconf 90' lang='lat' dir='ltr'>usum</span> <span class='ocrx_word' id='word_1_65' title='bbox 622 1198 706 1242; x_wconf 90' lang='lat' dir='ltr'>esse:</span> <span class='ocrx_word' id='word_1_66' title='bbox 730 1175 817 1260; x_wconf 90' lang='lat' dir='ltr'>quod</span> <span class='ocrx_word' id='word_1_67' title='bbox 839 1184 924 1242; x_wconf 86' lang='lat' dir='ltr'>certe</span> <span class='ocrx_word' id='word_1_68' title='bbox 945 1176 1119 1260; x_wconf 79' lang='lat' dir='ltr'>Batonius,</span> <span class='ocrx_word' id='word_1_69' title='bbox 1142 1176 1308 1242; x_wconf 89' lang='lat' dir='ltr'>Ballerinii</span> 
     </span>
     <span class='ocr_line' id='line_1_10' title="bbox 169 1286 1400 1376; baseline 0 -23"><span class='ocrx_word' id='word_1_70' title='bbox 169 1298 201 1353; x_wconf 87' lang='lat' dir='ltr'>et</span> <span class='ocrx_word' id='word_1_71' title='bbox 223 1287 278 1352; x_wconf 88' lang='lat' dir='ltr'>alii</span> <span class='ocrx_word' id='word_1_72' title='bbox 298 1288 428 1373; x_wconf 85' lang='lat' dir='ltr'>optime.</span> <span class='ocrx_word' id='word_1_73' title='bbox 441 1287 594 1352; x_wconf 78' lang='lat' dir='ltr'><strong>sciebant.</strong></span> <span class='ocrx_word' id='word_1_74' title='bbox 643 1286 775 1351; x_wconf 78' lang='lat' dir='ltr'>Praeter</span> <span class='ocrx_word' id='word_1_75' title='bbox 795 1286 962 1373; x_wconf 89' lang='lat' dir='ltr'>Beryllum</span> <span class='ocrx_word' id='word_1_76' title='bbox 985 1297 1089 1352; x_wconf 86' lang='lat' dir='ltr'>autem</span> <span class='ocrx_word' id='word_1_77' title='bbox 1113 1289 1307 1376; x_wconf 71' lang='lat' dir='ltr'>&#39;Dionysium</span> <span class='ocrx_word' id='word_1_78' title='bbox 1398 1369 1400 1372; x_wconf 16' lang='grc' dir='ltr'>Ι</span> 
     </span>
     <span class='ocr_line' id='line_1_11' title="bbox 171 1398 1307 1486; baseline 0 -22"><span class='ocrx_word' id='word_1_79' title='bbox 171 1403 238 1486; x_wconf 88' lang='lat' dir='ltr'>ejus</span> <span class='ocrx_word' id='word_1_80' title='bbox 265 1399 312 1464; x_wconf 86' lang='lat' dir='ltr'>rei</span> <span class='ocrx_word' id='word_1_81' title='bbox 340 1420 438 1464; x_wconf 89' lang='lat' dir='ltr'>causa</span> <span class='ocrx_word' id='word_1_82' title='bbox 464 1398 525 1463; x_wconf 91' lang='lat' dir='ltr'>loc.</span> <span class='ocrx_word' id='word_1_83' title='bbox 554 1398 607 1463; x_wconf 87' lang='lat' dir='ltr'>cit.</span> <span class='ocrx_word' id='word_1_84' title='bbox 640 1398 812 1485; x_wconf 79' lang='lat' dir='ltr'>perstringi</span> <span class='ocrx_word' id='word_1_85' title='bbox 845 1419 942 1484; x_wconf 88' lang='lat' dir='ltr'>posse</span> <span class='ocrx_word' id='word_1_86' title='bbox 976 1399 1091 1466; x_wconf 88' lang='lat' dir='ltr'>asserit</span> <span class='ocrx_word' id='word_1_87' title='bbox 1122 1399 1307 1465; x_wconf 91' lang='lat' dir='ltr'>Bonachius</span> 
     </span>
     <span class='ocr_line' id='line_1_12' title="bbox 171 1491 1307 1597; baseline -0.002 -22"><span class='ocrx_word' id='word_1_88' title='bbox 171 1511 247 1595; x_wconf 88' lang='lat' dir='ltr'>quia</span> <span class='ocrx_word' id='word_1_89' title='bbox 263 1491 361 1575; x_wconf 83' lang='lat' dir='ltr'>error</span> <span class='ocrx_word' id='word_1_90' title='bbox 387 1509 433 1575; x_wconf 90' lang='lat' dir='ltr'>ibi</span> <span class='ocrx_word' id='word_1_91' title='bbox 459 1519 725 1575; x_wconf 87' lang='lat' dir='ltr'>commemoratus</span> <span class='ocrx_word' id='word_1_92' title='bbox 751 1509 904 1597; x_wconf 79' lang='lat' dir='ltr'>Dionysii</span> <span class='ocrx_word' id='word_1_93' title='bbox 930 1533 1059 1596; x_wconf 91' lang='lat' dir='ltr'>quoque</span> <span class='ocrx_word' id='word_1_94' title='bbox 1085 1511 1181 1576; x_wconf 82' lang='lat' dir='ltr'>fuerit</span> <span class='ocrx_word' id='word_1_95' title='bbox 1212 1533 1307 1576; x_wconf 88' lang='lat' dir='ltr'>error.</span> 
     </span>
     <span class='ocr_line' id='line_1_13' title="bbox 171 1620 1307 1709; baseline -0.004 -19"><span class='ocrx_word' id='word_1_96' title='bbox 171 1620 267 1690; x_wconf 80' lang='lat' dir='ltr'>Certe</span> <span class='ocrx_word' id='word_1_97' title='bbox 290 1622 369 1688; x_wconf 89' lang='lat' dir='ltr'>nihil</span> <span class='ocrx_word' id='word_1_98' title='bbox 391 1621 498 1688; x_wconf 90' lang='lat' dir='ltr'>minus</span> <span class='ocrx_word' id='word_1_99' title='bbox 520 1620 669 1687; x_wconf 89' lang='lat' dir='ltr'>idoneum</span> <span class='ocrx_word' id='word_1_100' title='bbox 694 1621 868 1709; x_wconf 84' lang='lat' dir='ltr'>excogitari</span> <span class='ocrx_word' id='word_1_101' title='bbox 890 1622 1008 1708; x_wconf 87' lang='lat' dir='ltr'>potuit!</span> <span class='ocrx_word' id='word_1_102' title='bbox 1036 1621 1166 1689; x_wconf 77' lang='lat' dir='ltr'>Oblitus</span> <span class='ocrx_word' id='word_1_103' title='bbox 1190 1631 1240 1687; x_wconf 89' lang='lat' dir='ltr'>est</span> <span class='ocrx_word' id='word_1_104' title='bbox 1259 1630 1307 1686; x_wconf 92' lang='lat' dir='ltr'>ta-</span> 
     </span>
     <span class='ocr_line' id='line_1_14' title="bbox 169 1732 1309 1819; baseline -0.001 -21"><span class='ocrx_word' id='word_1_105' title='bbox 169 1757 242 1800; x_wconf 86' lang='lat' dir='ltr'>men</span> <span class='ocrx_word' id='word_1_106' title='bbox 268 1732 428 1816; x_wconf 90' lang='lat' dir='ltr'>Bonachi,</span> <span class='ocrx_word' id='word_1_107' title='bbox 460 1756 480 1798; x_wconf 93' lang='lat' dir='ltr'>a</span> <span class='ocrx_word' id='word_1_108' title='bbox 507 1733 634 1798; x_wconf 87' lang='lat' dir='ltr'>Zenone</span> <span class='ocrx_word' id='word_1_109' title='bbox 660 1756 798 1800; x_wconf 85' lang='lat' dir='ltr'>errorem</span> <span class='ocrx_word' id='word_1_110' title='bbox 825 1735 1084 1818; x_wconf 83' lang='lat' dir='ltr'>commemorari,</span> <span class='ocrx_word' id='word_1_111' title='bbox 1113 1734 1169 1819; x_wconf 88' lang='lat' dir='ltr'>qui</span> <span class='ocrx_word' id='word_1_112' title='bbox 1190 1757 1254 1814; x_wconf 89' lang='lat' dir='ltr'>non</span> <span class='ocrx_word' id='word_1_113' title='bbox 1275 1734 1309 1798; x_wconf 89' lang='lat' dir='ltr'>in</span> 
     </span>
     <span class='ocr_line' id='line_1_15' title="bbox 169 1844 1308 1932; baseline 0.002 -24"><span class='ocrx_word' id='word_1_114' title='bbox 169 1845 323 1930; x_wconf 87' lang='lat' dir='ltr'>loq&#39;uendi</span> <span class='ocrx_word' id='word_1_115' title='bbox 344 1844 442 1911; x_wconf 91' lang='lat' dir='ltr'>modo</span> <span class='ocrx_word' id='word_1_116' title='bbox 465 1868 597 1912; x_wconf 88' lang='lat' dir='ltr'>erroneo</span> <span class='ocrx_word' id='word_1_117' title='bbox 620 1846 801 1929; x_wconf 79' lang='lat' dir='ltr'>constabat,</span> <span class='ocrx_word' id='word_1_118' title='bbox 833 1845 891 1912; x_wconf 91' lang='lat' dir='ltr'>sed</span> <span class='ocrx_word' id='word_1_119' title='bbox 922 1845 1104 1932; x_wconf 91' lang='lat' dir='ltr'>opinionem</span> <span class='ocrx_word' id='word_1_120' title='bbox 1126 1867 1308 1932; x_wconf 85' lang='lat' dir='ltr'>perversam</span> 
     </span>
     <span class='ocr_line' id='line_1_16' title="bbox 170 1957 1307 2044; baseline 0.002 -24"><span class='ocrx_word' id='word_1_121' title='bbox 170 1967 203 2020; x_wconf 89' lang='lat' dir='ltr'>et</span> <span class='ocrx_word' id='word_1_122' title='bbox 222 1957 352 2038; x_wconf 84' lang='lat' dir='ltr'>falsam,</span> <span class='ocrx_word' id='word_1_123' title='bbox 374 1957 407 2021; x_wconf 91' lang='lat' dir='ltr'>in</span> <span class='ocrx_word' id='word_1_124' title='bbox 429 1979 494 2041; x_wconf 91' lang='lat' dir='ltr'>qua</span> <span class='ocrx_word' id='word_1_125' title='bbox 515 1966 625 2042; x_wconf 84' lang='lat' dir='ltr'>aperta</span> <span class='ocrx_word' id='word_1_126' title='bbox 646 1959 773 2044; x_wconf 85' lang='lat' dir='ltr'>negatio</span> <span class='ocrx_word' id='word_1_127' title='bbox 796 1959 1029 2024; x_wconf 79' lang='lat' dir='ltr'>coaeternitatis</span> <span class='ocrx_word' id='word_1_128' title='bbox 1050 1967 1082 2024; x_wconf 86' lang='lat' dir='ltr'>et</span> <span class='ocrx_word' id='word_1_129' title='bbox 1097 1958 1307 2025; x_wconf 89' lang='lat' dir='ltr'>consubstan-</span> 
     </span>
     <span class='ocr_line' id='line_1_17' title="bbox 170 2067 1308 2152; baseline 0.001 -19"><span class='ocrx_word' id='word_1_130' title='bbox 170 2067 314 2133; x_wconf 89' lang='lat' dir='ltr'>tialitatis</span> <span class='ocrx_word' id='word_1_131' title='bbox 337 2076 486 2133; x_wconf 88' lang='lat' dir='ltr'>contenta</span> <span class='ocrx_word' id='word_1_132' title='bbox 507 2076 589 2149; x_wconf 86' lang='lat' dir='ltr'>erat,</span> <span class='ocrx_word' id='word_1_133' title='bbox 615 2067 771 2134; x_wconf 86' lang='lat' dir='ltr'>haeresim</span> <span class='ocrx_word' id='word_1_134' title='bbox 794 2077 943 2134; x_wconf 89' lang='lat' dir='ltr'>attactam</span> <span class='ocrx_word' id='word_1_135' title='bbox 965 2071 1065 2136; x_wconf 89' lang='lat' dir='ltr'>fuisse</span> <span class='ocrx_word' id='word_1_136' title='bbox 1088 2070 1155 2136; x_wconf 86' lang='lat' dir='ltr'>sive</span> <span class='ocrx_word' id='word_1_137' title='bbox 1178 2078 1308 2152; x_wconf 88' lang='lat' dir='ltr'>sectam,</span> 
     </span>
     <span class='ocr_line' id='line_1_18' title="bbox 171 2179 1308 2267; baseline -0.002 -21"><span class='ocrx_word' id='word_1_138' title='bbox 171 2179 260 2265; x_wconf 92' lang='lat' dir='ltr'>quod</span> <span class='ocrx_word' id='word_1_139' title='bbox 282 2181 369 2248; x_wconf 90' lang='lat' dir='ltr'>Zeno</span> <span class='ocrx_word' id='word_1_140' title='bbox 397 2179 583 2266; x_wconf 88' lang='lat' dir='ltr'>planissime</span> <span class='ocrx_word' id='word_1_141' title='bbox 615 2179 708 2264; x_wconf 85' lang='lat' dir='ltr'>dicit,</span> <span class='ocrx_word' id='word_1_142' title='bbox 739 2203 804 2246; x_wconf 91' lang='lat' dir='ltr'>non</span> <span class='ocrx_word' id='word_1_143' title='bbox 829 2181 923 2247; x_wconf 92' lang='lat' dir='ltr'>unius</span> <span class='ocrx_word' id='word_1_144' title='bbox 950 2181 1088 2247; x_wconf 90' lang='lat' dir='ltr'>hominis</span> <span class='ocrx_word' id='word_1_145' title='bbox 1112 2192 1144 2246; x_wconf 90' lang='lat' dir='ltr'>et</span> <span class='ocrx_word' id='word_1_146' title='bbox 1166 2182 1308 2267; x_wconf 79' lang='lat' dir='ltr'>episcopi</span> 
     </span>
     <span class='ocr_line' id='line_1_19' title="bbox 169 2291 1309 2380; baseline -0.001 -24"><span class='ocrx_word' id='word_1_147' title='bbox 169 2293 202 2358; x_wconf 89' lang='lat' dir='ltr'>in</span> <span class='ocrx_word' id='word_1_148' title='bbox 225 2293 362 2360; x_wconf 86' lang='lat' dir='ltr'>ecclesia</span> <span class='ocrx_word' id='word_1_149' title='bbox 388 2291 601 2359; x_wconf 80' lang='lat' dir='ltr'>laudatissimi</span> <span class='ocrx_word' id='word_1_150' title='bbox 628 2302 660 2358; x_wconf 87' lang='lat' dir='ltr'>et</span> <span class='ocrx_word' id='word_1_151' title='bbox 690 2317 817 2380; x_wconf 88' lang='lat' dir='ltr'>semper</span> <span class='ocrx_word' id='word_1_152' title='bbox 848 2293 995 2359; x_wconf 89' lang='lat' dir='ltr'>honorati</span> <span class='ocrx_word' id='word_1_153' title='bbox 1025 2293 1221 2380; x_wconf 85' lang='lat' dir='ltr'>opinionem,</span> <span class='ocrx_word' id='word_1_154' title='bbox 1253 2291 1309 2376; x_wconf 91' lang='lat' dir='ltr'>qui</span> 
     </span>
     <span class='ocr_line' id='line_1_20' title="bbox 169 2393 1309 2493; baseline 0 -25"><span class='ocrx_word' id='word_1_155' title='bbox 169 2426 234 2469; x_wconf 88' lang='lat' dir='ltr'>non</span> <span class='ocrx_word' id='word_1_156' title='bbox 256 2406 360 2470; x_wconf 90' lang='lat' dir='ltr'>solum</span> <span class='ocrx_word' id='word_1_157' title='bbox 381 2405 502 2471; x_wconf 85' lang='lat' dir='ltr'>nullam</span> <span class='ocrx_word' id='word_1_158' title='bbox 522 2393 645 2470; x_wconf 74' lang='lat' dir='ltr'>¹sectam</span> <span class='ocrx_word' id='word_1_159' title='bbox 668 2429 732 2471; x_wconf 87' lang='lat' dir='ltr'>uon</span> <span class='ocrx_word' id='word_1_160' title='bbox 755 2407 977 2493; x_wconf 81' lang='lat' dir='ltr'>congregavit,</span> <span class='ocrx_word' id='word_1_161' title='bbox 1005 2405 1064 2472; x_wconf 90' lang='lat' dir='ltr'>sed</span> <span class='ocrx_word' id='word_1_162' title='bbox 1085 2403 1309 2470; x_wconf 85' lang='lat' dir='ltr'>honestissime</span> 
     </span>
     <span class='ocr_line' id='line_1_21' title="bbox 170 2514 1310 2602; baseline -0.001 -23"><span class='ocrx_word' id='word_1_163' title='bbox 170 2515 348 2599; x_wconf 79' lang='lat' dir='ltr'>revocavit,</span> <span class='ocrx_word' id='word_1_164' title='bbox 381 2515 467 2600; x_wconf 89' lang='lat' dir='ltr'>quod</span> <span class='ocrx_word' id='word_1_165' title='bbox 492 2514 616 2581; x_wconf 86' lang='lat' dir='ltr'>dixerat</span> <span class='ocrx_word' id='word_1_166' title='bbox 638 2517 743 2600; x_wconf 84' lang='lat' dir='ltr'>minus</span> <span class='ocrx_word' id='word_1_167' title='bbox 766 2524 855 2602; x_wconf 89' lang='lat' dir='ltr'>apte,</span> <span class='ocrx_word' id='word_1_168' title='bbox 887 2520 979 2602; x_wconf 91' lang='lat' dir='ltr'>cujus</span> <span class='ocrx_word' id='word_1_169' title='bbox 1002 2539 1088 2581; x_wconf 90' lang='lat' dir='ltr'>errcr</span> <span class='ocrx_word' id='word_1_170' title='bbox 1109 2515 1222 2580; x_wconf 90' lang='lat' dir='ltr'>nullibi</span> <span class='ocrx_word' id='word_1_171' title='bbox 1245 2524 1310 2579; x_wconf 87' lang='lat' dir='ltr'>tarn</span> 
     </span>
     <span class='ocr_line' id='line_1_22' title="bbox 171 2625 1310 2714; baseline 0 -24"><span class='ocrx_word' id='word_1_172' title='bbox 171 2626 315 2692; x_wconf 90' lang='lat' dir='ltr'>notorius</span> <span class='ocrx_word' id='word_1_173' title='bbox 338 2627 414 2710; x_wconf 82' lang='lat' dir='ltr'>fuit,</span> <span class='ocrx_word' id='word_1_174' title='bbox 443 2636 479 2693; x_wconf 91' lang='lat' dir='ltr'>ut</span> <span class='ocrx_word' id='word_1_175' title='bbox 500 2650 520 2691; x_wconf 92' lang='lat' dir='ltr'>a</span> <span class='ocrx_word' id='word_1_176' title='bbox 542 2626 682 2712; x_wconf 88' lang='lat' dir='ltr'>quodam</span> <span class='ocrx_word' id='word_1_177' title='bbox 705 2629 857 2714; x_wconf 90' lang='lat' dir='ltr'>episcopo</span> <span class='ocrx_word' id='word_1_178' title='bbox 878 2627 911 2692; x_wconf 90' lang='lat' dir='ltr'>in</span> <span class='ocrx_word' id='word_1_179' title='bbox 933 2626 1028 2692; x_wconf 88' lang='lat' dir='ltr'>Italia</span> <span class='ocrx_word' id='word_1_180' title='bbox 1049 2649 1156 2704; x_wconf 86' lang='lat' dir='ltr'>coram</span> <span class='ocrx_word' id='word_1_181' title='bbox 1178 2625 1310 2713; x_wconf 90' lang='lat' dir='ltr'>populo,</span> 
     </span>
     <span class='ocr_line' id='line_1_23' title="bbox 171 2737 1313 2826; baseline -0.001 -24"><span class='ocrx_word' id='word_1_182' title='bbox 171 2738 221 2802; x_wconf 92' lang='lat' dir='ltr'>uti</span> <span class='ocrx_word' id='word_1_183' title='bbox 248 2747 343 2804; x_wconf 86' lang='lat' dir='ltr'>notus</span> <span class='ocrx_word' id='word_1_184' title='bbox 373 2738 648 2826; x_wconf 86' lang='lat' dir='ltr'>perstringeretur.</span> <span class='ocrx_word' id='word_1_185' title='bbox 691 2741 736 2806; x_wconf 81' lang='lat' dir='ltr'>Et</span> <span class='ocrx_word' id='word_1_186' title='bbox 757 2750 864 2806; x_wconf 91' lang='lat' dir='ltr'>tamen</span> <span class='ocrx_word' id='word_1_187' title='bbox 885 2738 1029 2805; x_wconf 91' lang='lat' dir='ltr'>Bonacbi</span> <span class='ocrx_word' id='word_1_188' title='bbox 1052 2737 1203 2803; x_wconf 87' lang='lat' dir='ltr'>exscribit</span> <span class='ocrx_word' id='word_1_189' title='bbox 1224 2737 1313 2802; x_wconf 84' lang='lat' dir='ltr'>varia</span> 
     </span>
     <span class='ocr_line' id='line_1_24' title="bbox 171 2848 1311 2940; baseline -0.001 -26"><span class='ocrx_word' id='word_1_190' title='bbox 171 2851 359 2936; x_wconf 87' lang='lat' dir='ltr'>praesertim</span> <span class='ocrx_word' id='word_1_191' title='bbox 383 2851 535 2940; x_wconf 86' lang='lat' dir='ltr'>Dionysii</span> <span class='ocrx_word' id='word_1_192' title='bbox 557 2853 659 2939; x_wconf 90' lang='lat' dir='ltr'>ipsius</span> <span class='ocrx_word' id='word_1_193' title='bbox 681 2863 713 2918; x_wconf 89' lang='lat' dir='ltr'>et</span> <span class='ocrx_word' id='word_1_194' title='bbox 734 2853 904 2920; x_wconf 83' lang='lat' dir='ltr'>Athanasii</span> <span class='ocrx_word' id='word_1_195' title='bbox 929 2852 1027 2918; x_wconf 88' lang='lat' dir='ltr'>verba</span> <span class='ocrx_word' id='word_1_196' title='bbox 1053 2848 1096 2915; x_wconf 91' lang='lat' dir='ltr'>ad</span> <span class='ocrx_word' id='word_1_197' title='bbox 1122 2849 1311 2920; x_wconf 82' lang='lat' dir='ltr'>sententiam</span> 
     </span>
     <span class='ocr_line' id='line_1_25' title="bbox 171 2961 1311 3051; baseline -0.002 -23"><span class='ocrx_word' id='word_1_198' title='bbox 171 2985 261 3028; x_wconf 88' lang='lat' dir='ltr'>suam</span> <span class='ocrx_word' id='word_1_199' title='bbox 289 2961 548 3030; x_wconf 84' lang='lat' dir='ltr'>suffulciendam:</span> <span class='ocrx_word' id='word_1_200' title='bbox 580 2973 665 3030; x_wconf 87' lang='lat' dir='ltr'>certe</span> <span class='ocrx_word' id='word_1_201' title='bbox 688 2965 927 3051; x_wconf 81' lang='lat' dir='ltr'>circumspectis</span> <span class='ocrx_word' id='word_1_202' title='bbox 961 2964 1056 3029; x_wconf 90' lang='lat' dir='ltr'>rebus</span> <span class='ocrx_word' id='word_1_203' title='bbox 1090 2962 1238 3028; x_wconf 89' lang='lat' dir='ltr'>omnibus</span> <span class='ocrx_word' id='word_1_204' title='bbox 1260 2985 1311 3026; x_wconf 90' lang='lat' dir='ltr'>ra-</span> 
     </span>
     <span class='ocr_line' id='line_1_26' title="bbox 171 3073 1311 3163; baseline -0.001 -26"><span class='ocrx_word' id='word_1_205' title='bbox 171 3074 393 3160; x_wconf 87' lang='lat' dir='ltr'>tionisbusque</span> <span class='ocrx_word' id='word_1_206' title='bbox 420 3075 604 3159; x_wconf 84' lang='lat' dir='ltr'>subductis,</span> <span class='ocrx_word' id='word_1_207' title='bbox 630 3099 793 3161; x_wconf 88' lang='lat' dir='ltr'>nunquam</span> <span class='ocrx_word' id='word_1_208' title='bbox 816 3077 896 3142; x_wconf 89' lang='lat' dir='ltr'>tales</span> <span class='ocrx_word' id='word_1_209' title='bbox 919 3080 1117 3163; x_wconf 87' lang='lat' dir='ltr'>conjecturas</span> <span class='ocrx_word' id='word_1_210' title='bbox 1140 3073 1311 3162; x_wconf 87' lang='lat' dir='ltr'>posuisset.</span> 
     </span>
     <span class='ocr_line' id='line_1_27' title="bbox 172 3185 1309 3275; baseline 0.004 -28"><span class='ocrx_word' id='word_1_211' title='bbox 172 3185 223 3250; x_wconf 91' lang='lat' dir='ltr'>De</span> <span class='ocrx_word' id='word_1_212' title='bbox 238 3194 306 3250; x_wconf 91' lang='lat' dir='ltr'>toto</span> <span class='ocrx_word' id='word_1_213' title='bbox 322 3196 428 3254; x_wconf 88' lang='lat' dir='ltr'>autem</span> <span class='ocrx_word' id='word_1_214' title='bbox 443 3187 596 3275; x_wconf 88' lang='lat' dir='ltr'>Dionysii</span> <span class='ocrx_word' id='word_1_215' title='bbox 611 3211 717 3254; x_wconf 89' lang='lat' dir='ltr'>errore</span> <span class='ocrx_word' id='word_1_216' title='bbox 732 3189 843 3275; x_wconf 86' lang='lat' dir='ltr'>paucis</span> <span class='ocrx_word' id='word_1_217' title='bbox 866 3185 930 3254; x_wconf 90' lang='lat' dir='ltr'>dici</span> <span class='ocrx_word' id='word_1_218' title='bbox 952 3197 1060 3274; x_wconf 85' lang='lat' dir='ltr'>potest</span> <span class='ocrx_word' id='word_1_219' title='bbox 1081 3187 1197 3253; x_wconf 90' lang='lat' dir='ltr'>verbis.</span> <span class='ocrx_word' id='word_1_220' title='bbox 1231 3185 1309 3251; x_wconf 86' lang='lat' dir='ltr'>Ale-</span> 
     </span>
     <span class='ocr_line' id='line_1_28' title="bbox 102 3295 1310 3388; baseline 0.002 -28"><span class='ocrx_word' id='word_1_221' title='bbox 102 3323 104 3328; x_wconf 66' lang='grc'>’</span> <span class='ocrx_word' id='word_1_222' title='bbox 170 3295 347 3362; x_wconf 73' lang='lat' dir='ltr'>randi-inus</span> <span class='ocrx_word' id='word_1_223' title='bbox 370 3297 461 3364; x_wconf 90' lang='lat' dir='ltr'>hicce</span> <span class='ocrx_word' id='word_1_224' title='bbox 484 3299 654 3386; x_wconf 90' lang='lat' dir='ltr'>episcopus</span> <span class='ocrx_word' id='word_1_225' title='bbox 678 3300 957 3368; x_wconf 88' lang='lat' dir='ltr'>Sabellianismum</span> <span class='ocrx_word' id='word_1_226' title='bbox 980 3321 1187 3388; x_wconf 81' lang='lat' dir='ltr'>oppugnans,</span> <span class='ocrx_word' id='word_1_227' title='bbox 1214 3321 1310 3364; x_wconf 89' lang='lat' dir='ltr'>voca-</span> 
     </span>
     <span class='ocr_line' id='line_1_29' title="bbox 174 3399 1353 3496; baseline 0 -21"><span class='ocrx_word' id='word_1_228' title='bbox 174 3399 251 3475; x_wconf 86' lang='lat' dir='ltr'>bulo</span> <span class='ocrx_word' id='word_1_229' title='bbox 275 3413 431 3492; x_wconf 58' lang='lat' dir='ltr'>„notqpff</span> <span class='ocrx_word' id='word_1_230' title='bbox 456 3408 497 3475; x_wconf 92' lang='lat' dir='ltr'>de</span> <span class='ocrx_word' id='word_1_231' title='bbox 510 3409 595 3476; x_wconf 85' lang='lat' dir='ltr'>Filio</span> <span class='ocrx_word' id='word_1_232' title='bbox 617 3433 694 3477; x_wconf 90' lang='lat' dir='ltr'>usus</span> <span class='ocrx_word' id='word_1_233' title='bbox 718 3422 777 3495; x_wconf 85' lang='lat' dir='ltr'>est,</span> <span class='ocrx_word' id='word_1_234' title='bbox 799 3425 897 3496; x_wconf 87' lang='lat' dir='ltr'>quare</span> <span class='ocrx_word' id='word_1_235' title='bbox 919 3422 1042 3479; x_wconf 88' lang='lat' dir='ltr'>tanturn</span> <span class='ocrx_word' id='word_1_236' title='bbox 1064 3412 1186 3479; x_wconf 83' lang='lat' dir='ltr'>clarum</span> <span class='ocrx_word' id='word_1_237' title='bbox 1208 3413 1312 3478; x_wconf 87' lang='lat' dir='ltr'>facere</span> <span class='ocrx_word' id='word_1_238' title='bbox 1351 3406 1353 3408; x_wconf 59' lang='grc'><strong>’</strong></span> 
     </span>
     <span class='ocr_line' id='line_1_30' title="bbox 172 3521 1312 3612; baseline 0.003 -27"><span class='ocrx_word' id='word_1_239' title='bbox 172 3522 288 3605; x_wconf 85' lang='lat' dir='ltr'>voluit,</span> <span class='ocrx_word' id='word_1_240' title='bbox 314 3521 433 3586; x_wconf 82' lang='lat' dir='ltr'>Filium</span> <span class='ocrx_word' id='word_1_241' title='bbox 456 3522 583 3589; x_wconf 83' lang='lat' dir='ltr'>Patrem</span> <span class='ocrx_word' id='word_1_242' title='bbox 606 3546 677 3590; x_wconf 90' lang='lat' dir='ltr'>esse</span> <span class='ocrx_word' id='word_1_243' title='bbox 699 3547 763 3590; x_wconf 91' lang='lat' dir='ltr'>non</span> <span class='ocrx_word' id='word_1_244' title='bbox 785 3547 895 3612; x_wconf 88' lang='lat' dir='ltr'>posse,</span> <span class='ocrx_word' id='word_1_245' title='bbox 924 3524 982 3591; x_wconf 91' lang='lat' dir='ltr'>sed</span> <span class='ocrx_word' id='word_1_246' title='bbox 1003 3525 1044 3590; x_wconf 91' lang='lat' dir='ltr'>ab</span> <span class='ocrx_word' id='word_1_247' title='bbox 1067 3545 1104 3590; x_wconf 89' lang='lat' dir='ltr'>eo</span> <span class='ocrx_word' id='word_1_248' title='bbox 1126 3521 1312 3590; x_wconf 88' lang='lat' dir='ltr'>distinctam</span> 
     </span>
     <span class='ocr_line' id='line_1_31' title="bbox 171 3635 1312 3720; baseline 0.003 -23"><span class='ocrx_word' id='word_1_249' title='bbox 171 3653 242 3698; x_wconf 86' lang='lat' dir='ltr'>esse</span> <span class='ocrx_word' id='word_1_250' title='bbox 263 3657 446 3717; x_wconf 82' lang='lat' dir='ltr'>personam:</span> <span class='ocrx_word' id='word_1_251' title='bbox 468 3657 631 3720; x_wconf 88' lang='lat' dir='ltr'>nunquam</span> <span class='ocrx_word' id='word_1_252' title='bbox 652 3645 759 3702; x_wconf 88' lang='lat' dir='ltr'>tamen</span> <span class='ocrx_word' id='word_1_253' title='bbox 781 3637 811 3718; x_wconf 78' lang='lat' dir='ltr'>ei</span> <span class='ocrx_word' id='word_1_254' title='bbox 832 3638 866 3703; x_wconf 92' lang='lat' dir='ltr'>in</span> <span class='ocrx_word' id='word_1_255' title='bbox 888 3644 1026 3706; x_wconf 85' lang='lat' dir='ltr'>mentem</span> <span class='ocrx_word' id='word_1_256' title='bbox 1048 3635 1149 3720; x_wconf 82' lang='lat' dir='ltr'>venit,</span> <span class='ocrx_word' id='word_1_257' title='bbox 1173 3635 1312 3700; x_wconf 89' lang='lat' dir='ltr'>consub-</span> 
     </span>
     <span class='ocr_line' id='line_1_32' title="bbox 172 3745 1310 3836; baseline 0.001 -26"><span class='ocrx_word' id='word_1_258' title='bbox 172 3745 409 3812; x_wconf 86' lang='lat' dir='ltr'>stantialitatem</span> <span class='ocrx_word' id='word_1_259' title='bbox 432 3746 537 3813; x_wconf 86' lang='lat' dir='ltr'>Patris</span> <span class='ocrx_word' id='word_1_260' title='bbox 569 3757 602 3813; x_wconf 91' lang='lat' dir='ltr'>et</span> <span class='ocrx_word' id='word_1_261' title='bbox 626 3748 704 3813; x_wconf 84' lang='lat' dir='ltr'>Filii</span> <span class='ocrx_word' id='word_1_262' title='bbox 733 3771 863 3836; x_wconf 85' lang='lat' dir='ltr'>negare;</span> <span class='ocrx_word' id='word_1_263' title='bbox 895 3748 1034 3815; x_wconf 89' lang='lat' dir='ltr'>monitus</span> <span class='ocrx_word' id='word_1_264' title='bbox 1057 3757 1164 3814; x_wconf 86' lang='lat' dir='ltr'>tamen</span> <span class='ocrx_word' id='word_1_265' title='bbox 1186 3770 1206 3812; x_wconf 98' lang='lat' dir='ltr'>a</span> <span class='ocrx_word' id='word_1_266' title='bbox 1226 3746 1310 3811; x_wconf 91' lang='lat' dir='ltr'>Dio-</span> 
     </span>
     <span class='ocr_line' id='line_1_33' title="bbox 172 3857 1338 3950; baseline 0.002 -29"><span class='ocrx_word' id='word_1_267' title='bbox 172 3857 265 3944; x_wconf 88' lang='lat' dir='ltr'>nysic</span> <span class='ocrx_word' id='word_1_268' title='bbox 275 3859 429 3926; x_wconf 86' lang='lat' dir='ltr'>Pontifioe</span> <span class='ocrx_word' id='word_1_269' title='bbox 437 3859 594 3944; x_wconf 90' lang='lat' dir='ltr'>Maximo,</span> <span class='ocrx_word' id='word_1_270' title='bbox 607 3860 909 3946; x_wconf 86' lang='lat' dir='ltr'>epistolamadenm</span> <span class='ocrx_word' id='word_1_271' title='bbox 919 3860 1057 3950; x_wconf 89' lang='lat' dir='ltr'>scripsit,</span> <span class='ocrx_word' id='word_1_272' title='bbox 1069 3860 1125 3925; x_wconf 93' lang='lat' dir='ltr'>ubi</span> <span class='ocrx_word' id='word_1_273' title='bbox 1135 3858 1311 3926; x_wconf 88' lang='lat' dir='ltr'>clarissime</span> <span class='ocrx_word' id='word_1_274' title='bbox 1337 3947 1338 3950; x_wconf 8' lang='grc' dir='ltr'><strong>Ἴ</strong></span> 
     </span>
    </p>
   </div>
   <div class='ocr_carea' id='block_1_3' title="bbox 171 3969 1309 4059">
    <p class='ocr_par' dir='ltr' id='par_1_3' title="bbox 171 3969 1309 4059">
     <span class='ocr_line' id='line_1_34' title="bbox 171 3969 1309 4059; baseline 0.002 -24"><span class='ocrx_word' id='word_1_275' title='bbox 171 3980 204 4035; x_wconf 85' lang='lat' dir='ltr'>at</span> <span class='ocrx_word' id='word_1_276' title='bbox 224 3969 493 4038; x_wconf 79' lang='lat' dir='ltr'>orthodoxissime</span> <span class='ocrx_word' id='word_1_277' title='bbox 516 3974 706 4040; x_wconf 87' lang='lat' dir='ltr'>senteutiam</span> <span class='ocrx_word' id='word_1_278' title='bbox 728 3997 820 4040; x_wconf 89' lang='lat' dir='ltr'>suam</span> <span class='ocrx_word' id='word_1_279' title='bbox 843 3971 884 4040; x_wconf 89' lang='lat' dir='ltr'>de</span> <span class='ocrx_word' id='word_1_280' title='bbox 906 3971 1057 4059; x_wconf 83' lang='lat' dir='ltr'>dogmate</span> <span class='ocrx_word' id='word_1_281' title='bbox 1081 3971 1245 4037; x_wconf 88' lang='lat' dir='ltr'>Trinitatis</span> <span class='ocrx_word' id='word_1_282' title='bbox 1265 3970 1309 4056; x_wconf 90' lang='lat'>⁷⁷)</span> 
     </span>
    </p>
   </div>
   <div class='ocr_carea' id='block_1_4' title="bbox 169 4211 1312 4387">
    <p class='ocr_par' dir='ltr' id='par_1_4' title="bbox 169 4211 1312 4387">
     <span class='ocr_line' id='line_1_35' title="bbox 243 4211 1310 4302; baseline -0.003 -32"><span class='ocrx_word' id='word_1_283' title='bbox 243 4214 276 4284; x_wconf 82' lang='lat'>⁷⁷)</span> <span class='ocrx_word' id='word_1_284' title='bbox 295 4212 335 4270; x_wconf 80' lang='lat' dir='ltr'>Cf.</span> <span class='ocrx_word' id='word_1_285' title='bbox 348 4211 500 4302; x_wconf 64' lang='lat' dir='ltr'>tillemont.</span> <span class='ocrx_word' id='word_1_286' title='bbox 513 4231 557 4284; x_wconf 87' lang='lat' dir='ltr'>op.</span> <span class='ocrx_word' id='word_1_287' title='bbox 570 4215 614 4270; x_wconf 84' lang='lat' dir='ltr'>eit.</span> <span class='ocrx_word' id='word_1_288' title='bbox 627 4215 704 4270; x_wconf 86' lang='lat' dir='ltr'>Tom.</span> <span class='ocrx_word' id='word_1_289' title='bbox 713 4215 760 4270; x_wconf 92' lang='lat' dir='ltr'>IV.</span> <span class='ocrx_word' id='word_1_290' title='bbox 772 4214 889 4270; x_wconf 81' lang='lat' dir='ltr'>Mbhler:</span> <span class='ocrx_word' id='word_1_291' title='bbox 907 4211 1073 4270; x_wconf 87' lang='lat' dir='ltr'>Athanasius</span> <span class='ocrx_word' id='word_1_292' title='bbox 1085 4213 1134 4269; x_wconf 85' lang='lat' dir='ltr'>der</span> <span class='ocrx_word' id='word_1_293' title='bbox 1145 4213 1247 4270; x_wconf 81' lang='lat' dir='ltr'>Grosse</span> <span class='ocrx_word' id='word_1_294' title='bbox 1259 4217 1310 4270; x_wconf 82' lang='lat' dir='ltr'>etc.</span> 
     </span>
     <span class='ocr_line' id='line_1_36' title="bbox 169 4307 1312 4387; baseline -0.003 -23"><span class='ocrx_word' id='word_1_295' title='bbox 169 4323 233 4378; x_wconf 74' lang='lat' dir='ltr'>pars</span> <span class='ocrx_word' id='word_1_296' title='bbox 244 4310 265 4364; x_wconf 87' lang='lat'>1.</span> <span class='ocrx_word' id='word_1_297' title='bbox 287 4309 363 4365; x_wconf 81' lang='lat' dir='ltr'>Idem</span> <span class='ocrx_word' id='word_1_298' title='bbox 379 4307 407 4364; x_wconf 90' lang='lat' dir='ltr'>iu</span> <span class='ocrx_word' id='word_1_299' title='bbox 423 4309 580 4381; x_wconf 77' lang='lat' dir='ltr'>Patrologia</span> <span class='ocrx_word' id='word_1_300' title='bbox 596 4310 639 4366; x_wconf 84' lang='lat' dir='ltr'>ad.</span> <span class='ocrx_word' id='word_1_301' title='bbox 656 4309 823 4383; x_wconf 82' lang='lat' dir='ltr'>Reitlrmayr.</span> <span class='ocrx_word' id='word_1_302' title='bbox 841 4310 1027 4387; x_wconf 79' lang='lat' dir='ltr'>Ratisbonnaa</span> <span class='ocrx_word' id='word_1_303' title='bbox 1040 4309 1116 4367; x_wconf 78' lang='lat'>1840.</span> <span class='ocrx_word' id='word_1_304' title='bbox 1134 4325 1197 4384; x_wconf 76' lang='lat' dir='ltr'>pag.</span> <span class='ocrx_word' id='word_1_305' title='bbox 1211 4311 1312 4377; x_wconf 66' lang='lat' dir='ltr'>litteo.</span> 
     </span>
    </p>
   </div>
   <div class='ocr_carea' id='block_1_5' title="bbox 0 0 1520 4936">
    <p class='ocr_par' dir='ltr' id='par_1_5' title="bbox 0 0 1520 4936">
     <span class='ocr_line' id='line_1_37' title="bbox 0 0 1520 4936; baseline 0 0"><span class='ocrx_word' id='word_1_306' title='bbox 0 0 1520 4936; x_wconf 95' lang='lat' dir='ltr'> </span> 
     </span>
    </p>
   </div>
   <div class='ocr_carea' id='block_1_6' title="bbox 1503 3793 1507 4589">
    <p class='ocr_par' dir='ltr' id='par_1_6' title="bbox 1503 3793 1507 4589">
     <span class='ocr_line' id='line_1_38' title="bbox 1503 3793 1507 4589; baseline 0 0"><span class='ocrx_word' id='word_1_307' title='bbox 1503 3793 1507 4589; x_wconf 95' lang='lat' dir='ltr'> </span> 
     </span>
    </p>
   </div>
  </div>
 </body>
</html>
