3012 4936
721 229 762 296 81

172 395 213 465 de
235 393 436 464 sermonibus
457 389 648 456 Zenonianis
670 386 857 454 sententiam
873 389 1018 476 protulit:
1041 392 1152 457 Sintiis
1167 389 1312 457 Sencrrsis

171 518 222 576 est
244 505 325 574 Ord.
349 501 463 568 Pracd.
488 501 567 578 (nat.
592 501 812 570 1520815555
834 505 857 585 †
882 505 980 590 1569)
1013 501 1199 570 notissimus
1233 504 1311 567 sori-

172 630 247 706 ptor
270 614 509 700 „Bibliothecae
532 621 660 682 sanctae
682 636 723 678 ex
744 613 925 700 praecipuis
949 611 1136 681 Catholicae
1159 613 1312 678 ecclesiae

173 729 357 796 auctoribus
389 727 560 792 collectee“
593 733 653 790 etc.
685 717 767 811 qnae
800 726 939 812 primum
966 725 1112 795 Venetiis
1135 728 1221 793 1566
1244 734 1311 792 tum

173 840 375 907 Francofnrti
396 837 438 904 ad
459 838 507 902 M.
528 838 627 921 1575,
652 834 808 906 Coloniae
832 839 915 904 1626
937 837 1093 924 prodiit.·1
1111 838 1151 902 In
1174 835 1313 903 editione

173 953 322 1020 Mutiana
343 951 483 1037 Neapoli
510 952 594 1018 1742
620 949 694 1014 Lib.
717 949 778 1015 IV.
809 973 882 1036 pag.
905 951 971 1016 490
1003 951 1099 1016 talem
1131 949 1315 1037 opinionem

173 1066 213 1132 de
244 1067 373 1132 Zenone
406 1064 563 1150 legimns:
610 1062 717 1144 ,Zeno
744 1061 892 1127 Veronae
926 1063 1097 1149 episcopus
1131 1072 1163 1126 et
1194 1071 1315 1149 martyr

172 1178 341 1265 scripsisse
373 1175 490 1242 dicitur
520 1197 683 1240 sermones
714 1173 869 1259 plurimos
896 1174 929 1237 in
956 1175 1062 1239 varios
1083 1172 1212 1239 divinae
1235 1175 1313 1240 scri·

170 1302 285 1378 ptume
305 1289 410 1365 locos;
433 1310 492 1372 pro
515 1285 634 1370 quibus
657 1283 830 1367 GuarInnS,
853 1284 1049 1350 Veronensis
1065 1295 1172 1350 orator
1187 1297 1313 1352 centnm

171 1402 212 1468 ab
234 1401 310 1468 hinc
332 1399 423 1464 annis
445 1398 595 1463 volumen
618 1419 801 1462 sermonum
835 1395 956 1462 diversi
986 1397 1111 1483 generis
1145 1398 1251 1472 emisit
1281 1398 1314 1464 in

170 1511 292 1595 lucem,
330 1511 364 1574 in
398 1533 462 1595 qno
496 1532 659 1574 sermones
683 1556 812 1577 ......
837 1508 994 1575 habeatnr
1022 1512 1090 1595 ejus
1118 1507 1205 1578 modi
1208 1558 1313 1575 .....

170 1621 326 1706 Constat,
355 1621 414 1688 hos
436 1644 600 1688 sermones
624 1621 737 1708 majori
759 1644 798 1686 ex
821 1631 910 1705 parte
932 1618 1085 1686 collectos
1109 1644 1179 1686 esse
1202 1645 1242 1686 ex
1264 1620 1313 1688 di-

168 1735 270 1802 versis
304 1733 503 1817 auctoribus,
537 1733 594 1819 qni
621 1713 767 1802 ducentis
795 1756 895 1820 paene
922 1733 1013 1798 annis
1045 1733 1171 1799 inerunt
1192 1733 1314 1800 Zenoni

167 1847 377 1934 posteriores:
400 1869 474 1911 narn
499 1869 672 1938 sermones,
696 1847 752 1930 qui
774 1846 932 1932 Psalmos,
956 1869 974 1910 a
996 1845 1089 1912 nobis
1112 1856 1312 1916 enumeratos

169 1967 350 2042 exponunt,
381 1957 534 2042 descripti
562 1969 636 2022 sunt
662 1981 701 2022 ex
729 1959 965 2024 commentariis
988 1957 1121 2040 Hilarii,
1153 1981 1201 2022 ne.
1215 1958 1313 2024 verbo

170 2068 302 2154 quidem
334 2069 515 2134 immutato:
547 2091 652 2132 sermo
684 2068 716 2132 in
749 2067 830 2132 illud
859 2070 1021 2152 „Attende
1045 2069 1125 2134 tibi“
1154 2092 1312 2134 unacum

169 2183 233 2246 alia
255 2181 409 2246 concione
433 2179 494 2262 „de
515 2179 616 2244 livore
638 2188 671 2244 ot
691 2178 847 2262 invidia,“
872 2203 954 2264 qnae
973 2181 1006 2244 in
1022 2178 1133 2246 eodem
1149 2179 1311 2244 volumine

168 2294 254 2360 hunc
277 2293 501 2377 subsequitur,
524 2291 591 2358 divi
614 2291 729 2356 Basilii
752 2301 817 2357 est:
841 2292 939 2358 ceteri
958 2315 1033 2368 vero
1048 2312 1222 2378 sermones,
1245 2291 1313 2358 sive

169 2406 273 2490 magis
295 2407 474 2490 fragmenta
495 2427 677 2469 sermonum
701 2405 742 2468 ob
770 2403 847 2490 styli
873 2403 1105 2484 diversitatem,
1133 2403 1238 2467 varios
1262 2427 1311 2467 ar·

171 2523 286 2602 gunnt,
306 2522 465 2578 auctores:
499 2512 558 2577 sed
585 2523 617 2577 et
639 2520 750 2577 auctor
773 2513 929 2576 sermonis
952 2511 992 2576 de
1016 2511 1225 2592 continentia,
1257 2512 1313 2595 qni

170 2625 233 2692 hoc
266 2647 318 2710 op.
351 2623 546 2703 continetur,
580 2622 718 2686 affirmat
750 2645 785 2686 se
819 2645 838 2684 a
861 2620 983 2688 Christi
1016 2629 1088 2684 ortu
1122 2621 1245 2705 (potius
1272 2621 1312 2692 ab

170 2739 263 2822 epist.
285 2735 315 2804 I.
337 2735 379 2802 ad
403 2731 566 2820 Corinth.)
600 2733 692 2797 annis
723 2731 966 2819 quadringentis
989 2741 1021 2798 et
1043 2756 1081 2798 eo
1104 2731 1241 2818 amplius
1264 2735 1312 2797 vi-

169 2873 252 2916 vere.
268 2875 282 2882 “
296 2850 343 2914 At
364 2848 495 2930 Petrus,
523 2845 694 2931 Equilinus
721 2846 891 2932 episcopus
920 2845 1033 2912 scribit
1060 2843 1222 2910 Zenonem
1252 2847 1311 2912 snb

169 2961 322 3030 Gallieno
355 2961 552 3047 Imperatore
589 2959 709 3026 vixisse
747 2957 954 3046 ejusdemque
992 2957 1106 3041 filiam,
1144 2957 1313 3044 desperato

166 3084 273 3140 morto
307 3096 513 3159 oppressam,
551 3072 704 3141 divinitus
741 3088 871 3137 curasse
908 3093 958 3134 an.
997 3069 1121 3136 scilicet
1153 3068 1311 3157 redempti

168 3184 256 3250 orbis
279 3182 437 3250 CCLX.“

276 3294 459 3380 Onoplua'ae
489 3297 668 3360 Paaoioios
685 3295 730 3382 ⁷⁴)
765 3296 844 3380 (nat.
876 3292 1024 3359 Veronae
1049 3295 1147 3378 1529,
1180 3297 1203 3380 †
1229 3297 1310 3362 1568

167 3405 325 3498 Palermi)
348 3403 461 3467 Frater
482 3403 625 3470 Eremita
646 3405 917 3490 Augustinianus,
945 3429 1040 3492 quem
1068 3407 1195 3490 saepius
1223 3429 1311 3471 com·

169 3517 432 3586 memoravimus:
454 3515 487 3580 in
509 3539 561 3602 op.
585 3516 843 3602 „Antiquitatum
866 3515 1103 3582 Veronensium
1125 3516 1200 3581 libri
1215 3517 1310 3611 VIII.

246 3749 278 3818 ⁷⁴)
296 3749 347 3806 Hic
365 3747 407 3803 vit
424 3745 535 3802 omnino
552 3747 664 3802 snnnnis
681 3748 827 3806 adornatur
843 3749 971 3804 lendibus
988 3764 1005 3802 a
1022 3748 1130 3806 criticis.
1164 3749 1206 3806 Cf.
1224 3749 1259 3806 de
1277 3765 1311 3806 co

172 3841 332 3918 Siyooium
358 3841 417 3898 Lib.
436 3843 482 3896 111.
510 3842 588 3910 epist.
606 3842 649 3898 47.
673 3842 709 3898 ad
734 3843 769 3898 M.
793 3844 943 3900 Antonium
969 3845 1110 3900 Muretnm.
1149 3843 1311 3916 Josephom

170 3937 357 4010 semipsum
374 3935 434 3992 Lib.
446 3937 480 3993 V.
499 3936 534 3991 de
550 3936 746 3992 Emendatione
763 3942 915 4008 temporum
933 3954 996 4008 pag.
1008 3940 1068 3994 248.
1103 3937 1233 3994 Paolum
1244 3938 1310 3995 Μα-

169 4031 290 4092 nuttam
315 4031 374 4086 Lib.
392 4031 426 4085 11.
445 4047 487 4101 ep.
506 4032 531 4085 4.
554 4031 589 4086 ad
616 4031 765 4086 Antonium
783 4033 947 4100 Angustum.
983 4029 1131 4087 Joaooem
1156 4030 1311 4090 Frisium:

168 4129 239 4188 Dies
257 4125 419 4182 emortuales
436 4117 561 4182 virorum
573 4125 655 4182 armis
673 4125 824 4196 litterisque
842 4123 996 4180 celebrium.
1032 4123 1154 4182 Justum
1171 4127 1310 4202 mpetum

169 4230 198 4284 In
223 4221 395 4292 Panegyrico
418 4221 506 4276 Plinii.
548 4219 692 4278 Jacobcm
715 4219 788 4296 Auq.
814 4219 969 4276 Iboaomn
986 4222 1046 4276 Lib.
1064 4221 1160 4277 XLIII.
1179 4223 1310 4280 Historia·

168 4339 232 4380 rum
250 4317 293 4374 sui
310 4316 447 4384 temporis.

1064 4406 1102 4471 s*
