3012 4936
742 229 803 294 *st

211 386 442 454 beneditione
475 387 727 454 Dissertationes
758 387 992 454 Ballerinianae
1020 388 1080 453 col.
1104 387 1258 454 9-·190:
1297 391 1356 456 189

212 500 273 568 col,
296 501 412 568 -238
434 501 660 584 Monumenta,
683 501 843 566 Praefatio
864 500 1041 586 Augustini
1051 499 1179 566 ⁴Valerii
1203 503 1263 568 col.
1281 505 1355 588 237,

212 613 361 700 Bagatae'
386 621 418 678 et
449 611 569 678 Peretti
602 611 762 678 Praelatio
775 612 845 706 ccl.
868 613 947 695 239,
978 611 1106 677 Notitia
1128 607 1354 680 litterariam

212 721 373 790 Zenonem
389 745 429 790 ex
444 723 686 790 Schoenemano
708 747 782 810 pag.
797 713 871 792 213.
906 722 1081 790 Tractatus'
1094 725 1160 790 col.
1172 727 1354 793 ass-528

212 835 393 920 Speraverii
415 835 713 902 adnotationescol.
729 837 911 904 555-600
926 846 958 902 et
972 836 1128 904 Bonachii
1143 837 1353 904 Dissertatio-
1389 849 1391 857 ’
1429 891 1433 899 .

213 970 273 1014 nes
293 945 353 1013 col.
375 949 559 1014 599-760
580 947 792 1014 continentur.
837 948 935 1032 Quod
963 948 1005 1014 ad
1030 949 1254 1014 translationes
1282 953 1354 1016 atti-

213 1069 269 1124 net
284 1058 366 1124 duae
380 1069 505 1126 tantum
522 1061 701 1127 enumerari
719 1070 868 1146 possunt:
892 1058 1129 1130 Consuetudini
1144 1061 1355 1129 Germanicae

214 1165 398 1260 Gotffridas
420 1173 557 1256 Araotd,
581 1173 636 1259 qni
659 1172 890 1260 pulcherrimos
912 1174 1043 1240 Patrnm
1067 1172 1264 1240 Graecorum
1289 1197 1352 1240 ser-

213 1307 324 1350 mones
341 1284 380 1353 in
403 1284 632 1373 Germanicum
655 1286 827 1369 convertit,
853 1295 1024 1352 tractatum
1046 1284 1087 1350 de
1109 1284 1190 1350 Fide
1211 1285 1352 1369 tradidit,

213 1397 247 1460 in
269 1419 365 1483 opere
387 1395 476 1481 quod
498 1397 696 1464 inscribitur:
719 1391 783 1464 lein
804 1398 967 1464 Denkmal
990 1395 1047 1463 'des
1067 1397 1165 1491 Alten
1188 1393 1353 1489 Christen-

212 1507 321 1574 thums
343 1509 521 1576 bestehend
541 1510 575 1575 in
598 1509 656 1576 des
678 1510 709 1574 h.
722 1509 859 1576 Macarii
881 1510 949 1576 und
969 1510 1104 1576 anderer
1126 1505 1354 1576 hocherleuch-

212 1629 299 1687 tcten
320 1622 459 1688 Minner
481 1645 539 1688 aus
562 1621 620 1688 der
641 1621 740 1688 Alten
766 1621 889 1688 Kirche
915 1622 1033 1688 hichst·
1058 1620 1263 1688 erbaulichen
1289 1621 1355 1687 und

213 1732 628 1802 auserlesenen‘Schritien.
665 1733 727 1800 Ed.
750 1735 794 1799 ΙΙ.
825 1734 952 1800 Gestar
976 1725 1070 1802 1702.
1097 1733 1149 1800 8⁰.
1181 1756 1254 1820 pag.
1277 1735 1354 1800 307:

212 1842 300 1910 Zeno
317 1843 514 1917 Veronensis
537 1842 615 1911 oder
637 1846 724 1910 eines
747 1845 886 1912 anderen
900 1845 1036 1912 Weisen
1058 1839 1206 1941 Mannes
1219 1846 1355 1914 Sermon

212 1937 460 2046 vom-Glauben
487 1979 545 2022 aus
574 1956 647 2024 dem
671 1957 762 2022 Toni.
778 1957 840 2022 ΠΙ.
862 1955 949 2022 Bibl.
972 1956 1179 2032 Phnoviss.
1202 1957 1351 2046 Lugdun.

212 2093 286 2164 pag.
302 2071 365 2136 389
382 2092 430 2154 sq.
467 2070 577 2137 Verba
599 2069 738 2136 Zenonis
759 2093 825 2136 non
847 2091 972 2156 semper
994 2067 1128 2170 totidem
1151 2079 1227 2135 sunt
1247 2071 1352 2135 verbis

212 2181 381 2266 translata,
416 2191 556 2248 attamen
589 2205 690 2269 genus
713 2180 843 2249 dicendi
865 2191 979 2267 sponte
1001 2179 1060 2246 sua
1082 2181 1160 2247 satis
1181 2183 1271 2249 fusus
1293 2191 1348 2246 est

212 2295 324 2360 Italica
341 2294 489 2359 Veronae
506 2295 591 2360 1784
612 2292 800 2380 prodierunt
821 2315 983 2370 sermones
1002 2294 1140 2359 Zenonis
1164 2294 1223 2360 sub
1243 2293 1347 2359 titulo:

214 2406 288 2490 „Le'
305 2403 474 2492 Operedi
494 2399 541 2472 †S.'
554 2405 683 2474 Zenone
705 2405 918 2492 volgarizzate
940 2404 993 2470 dal
1016 2406 1188 2482 Marchese
1211 2405 1275 2473 Gio'
1293 2407 1350 2471 Ju-

212 2504 285 2586 cobo
307 2521 438 2586 Dionia
457 2514 626 2586 Canonico
649 2517 769 2588 Veron.
803 2517 890 2606 apud
921 2515 1054 2605 Dionig.
1085 2519 1290 2602 Romanum,
1321 2519 1353 2582 in

212 2655 277 2717 qua
307 2631 446 2728 editione
473 2633 686 2698 Bartle‘oimnci
707 2633 910 2715 Perusiaaii,
943 2631 1225 2718 Archipresbyteri
1248 2630 1352 2695 Vero-

211 2745 320 2822 nensis
343 2766 456 2830 graves
479 2744 634 2832 contineri
657 2741 808 2810 dicuntur
826 2743 1060 2822 adnotationem
1083 2744 1166 2809 hano
1181 2741 1354 2808 editionem

211 2864 332 2937 tamen,
355 2855 390 2920 id
413 2854 501 2938 quod
523 2854 683 2936 dolemus,
706 2855 821 2921 nullibi
843 2853 951 2920 videre
973 2855 1145 2939 potuimus.

742 3044 770 3130 s.
786 3043 817 3108 a.

477 3153 524 3209 De
541 3151 617 3227 stylo
635 3109 875 3211 Zeaoaiaamam
893 3152 1082 3206 amictuum.
1104 3176 1108 3183 ·
1180 3142 1182 3146 ’

314 3283 441 3348 Purites
464 3294 498 3350 et
518 3275 675 3370 elegantia
688 3269 824 3369 linguae
845 3281 962 3346 latinae
988 3281 1108 3368 ubique
1134 3283 1167 3348 in
1195 3285 1348 3350 sermoni·

211 3397 272 3463 bus
310 3395 461 3486 antistitis
497 3395 598 3478 nostri
635 3406 783 3482 apparet:
829 3404 861 3460 et
897 3395 992 3482 longe
1029 3396 1109 3464 alios
1142 3395 1273 3479 Patres,
1314 3407 1350 3461 nt

211 3490 307 3586 multi
334 3520 366 3574 et
396 3499 527 3594 quidem
560 3509 722 3596 graviores
745 3508 816 3592 ¹viri
848 3507 1006 3596 philologi
1035 3508 1233 3597 judicarunt,
1268 3531 1348 3593 quo-

97 3695 99 3698 ·
210 3645 282 3688 rum
307 3631 431 3688 tantum
455 3623 640 3701 Beatum,
668 3621 885 3688 Caecuboaum
903 3621 949 3708 ⁷⁹>
976 3630 1007 3686 et
1030 3621 1200 3688 Claudiurn
1221 3621 1347 3686 Salma-
1379 3711 1380 3714 Ἴ

282 3855 315 3925 ⁷²)
333 3854 422 3911 Isaac
436 3851 630 3912 Carantonus
641 3853 670 3910 in
681 3853 817 3924 Historiae
835 3854 977 3924 Augustae
995 3853 1141 3922 scriptores
1158 3867 1221 3908 sex:
1239 3853 1348 3908 Aelium

211 3951 383 4022 spartianum
401 3955 452 4004 ect.
470 3951 498 4004 in
517 3967 574 4018 op:
609 3949 746 4004 Histcriae
769 3949 912 4019 Augustae
936 3949 1081 4023 scriptores
1103 3963 1163 4002 sex:
1200 3944 1348 4004 Claudias

211 4039 381 4104 Salmasius
407 4045 554 4115 recensuit,
581 4045 679 4114 quibus
704 4045 850 4115 aderotae
874 4047 937 4098 sunt
957 4048 1038 4096 notae
1056 4038 1158 4120 lenaei
1178 4039 1348 4102 Ocsnuboai

210 4140 334 4195 Lutetiae
351 4139 515 4194 Parisiorum
535 4140 610 4194 1690.
629 4137 681 4194 'sot
700 4155 762 4208 pag.
775 4139 810 4192 34
827 4139 855 4192 in
872 4134 988 4192 Aelium
1006 4133 1222 4209 Spartiatarum:
1259 4137 1346 4205 ,Zeno

210 4219 388 4306 Veronensis,
409 4235 519 4318 Papum
538 4223 695 4290 Latinorum
707 4249 774 4288 meo
789 4231 894 4305 judicio
912 4233 1153 4304 elegantissimus.¹‘
1190 4231 1264 4287 uitat
1280 4247 1346 4301 quo·

212 4346 265 4401 que
284 4330 393 4400 saepius
411 4331 546 4388 Zenonem
564 4347 627 4401 pag.
642 4331 699 4400 199,
718 4329 776 4399 147,
797 4329 854 4397 164,
872 4327 931 4399 907,
949 4329 1009 4400 910,
1027 4329 1078 4384 946
1096 4333 1147 4384 etc.
