3012 4936
714 277 826 352 ts,

408 489 412 498 ’
495 595 526 614 ,,
596 461 874 621 Διτιωιυέη

151 661 354 712 SENTENTIA
366 663 413 708 DE
428 661 554 708 vntum
567 660 793 722 raanlrton'n.
806 659 970 706 ΖΕΝΟΝΕΜ
989 657 1206 706 TEMPORIBUS
1224 657 1302 704 aaa·

354 740 449 818 blunt
466 739 697 788 IMPERAWMS
717 740 865 794 VleSSld‚
888 736 1110 818 andrunnun.

263 882 303 946 In
325 881 491 970 permultis
515 881 743 964 monumentis,
767 881 862 947 etiam
885 880 995 962 iniis,
1018 879 1051 944 in
1075 879 1192 964 quibus
1216 879 1304 944 Zeno

153 1003 280 1069 tantum
304 993 482 1064 Confesser
508 1003 654 1090 venatur,
686 992 862 1078 deGallo,
897 991 1047 1060 Gallieno
1076 993 1143 1058 sive
1167 992 1304 1074 Galeno,

152 1129 272 1172 sermo·
295 1108 444 1174 oeourrit.
493 1107 585 1174 Haeo
617 1116 722 1172 autem
756 1114 962 1192 monumenta
994 1114 1138 1187 narrant,
1172 1125 1304 1170 sanasse

151 1218 322 1286 Zenonem
343 1245 363 1285 a
379 1219 536 1292 daemone
551 1219 717 1286 obsessam
731 1218 831 1282 filiam
841 1217 990 1284 Gallieni
1005 1217 1184 1305 eujusdam,
1208 1240 1302 1301 quem

152 1331 219 1395 alia
247 1331 441 1420 prinoipem,
474 1331 545 1396 alia.
567 1331 797 1416 Imperatorem
829 1340 954 1396 vooant.
999 1331 1142 1412 Primus,
1176 1329 1249 1413 qui¹
1263 1327 1303 1396 de

155 1443 312 1508 Gallieno
334 1444 531 1530 Imperatore
554 1441 747 1508 mentionem
768 1441 846 1507 facit
869 1443 1051 1509 Coronatus
1065 1451 1124 1512 ¹est
1137 1441 1303 1524 Notarius,

155 1554 216 1638 qni
231 1555 497 1623 ·c-iroumstantir.s
519 1537 614 1642 hujus
637 1552 813 1620 sanationis
835 1553 946 1618 multis
968 1555 1065 1618 refert
1087 1552 1207 1636 verbis,
1231 1576 1303 1620 cum

151 1689 220 1730 non
244 1666 688 1754 paucis-anachronismiset
710 1666 835 1732 erratis:
858 1664 1122 1762 habebatautern
1138 1664 1181 1732 de'
1194 1689 1232 1736 ea
1247 1689 1304 1732 no·

151 1775 270 1864 titiam,
293 1789 331 1844 ut
345 1778 414 1865 ipse
429 1777 561 1862 indicat,
585 1801 624 1846 ex
644 1779 745 1848 veteri
766 1778 877 1864 populi
900 1777 1089 1844 traditione:¹
1108 1801 1211 1863 neque
1227 1801 1304 1864 ergo

151 1888 337 1956 mirandum
371 1891 584 1958 narrationem
615 1895 683 1979 ejus
704 1889 866 1978 pluribus
889 1890 1001 1956 erratis
1028 1899 1167 1974 scatere,
1199 1913 1301 1974 quum

154 2003 267 2076 omnia
287 2001 476 2068 ex'fabellis
490 2003 612 2090 populi
634 2002 665 2068 in
690 2026 787 2069 ununr
816 2003 951 2070 eontulit
982 2003 1050 2069 sine
1067 2004 1149 2085 ,ulla
1179 2005 1302 2090 perspi7

157 2112 278 2178 cientia
300 2126 332 2178 et
350 2113 488 2201 judicio:
510 2139 550 2180 ex
573 2118 642 2202 ejus
665 2124 771 2181 autem
795 2113 1010 2198 descriptione
1032 2116 1172 2180 narratio
1193 2116 1249 2182 illa
1264 2115 1304 2182 de

156 2224 358 2312 Imperatore
382 2225 532 2292 Gallieno
555 2235 588 2292 et
613 2231 682 2315 ejus
714 2227 795 2311 filia,
827 2226 1015 2313 praesertim
1039 2226 1252 2296 in-breviaria
1273 2239 1305 2296 et

155 2338 191 2404 in
215 2339 353 2426 hymnos
375 2339 515 2424 transiit,
541 2341 599 2406 ¹ubi
626 2339 669 2406 ad
694 2339 827 2406 verbnm
850 2339 1004 2425 repetitur·
1026 2342 1094 2426 ejus
1117 2339 1240 2407 relatio.
1262 2381 1303 2392 --

157 2448 236 2516 Sine
243 2451 318 2515 ullo
334 2449 432 2518 dubio
447 2462 554 2518 tamen
570 2451 738 2518 Gallienus
761 2453 822 2519 iste
844 2449 994 2540 princeps
1017 2449 1148 2536 quidam
1170 2453 1237 2524 fuit-
1253 2455 1305 2538 (ut

158 2562 256 2627 etiam
278 2572 364 2627 reete
379 2573 518 2634 ,vocatur
532 2564 572 2636 'in
597 2563 706 2630 multis
719 2564 974 2659 .monumentis);
1007 2563 1173 2630 habitabat
1198 2575 1304 2630 autem

157 2674 192 2737 in
214 2673 367 2756 Pallade,
395 2673 484 2758 quod
509 2674 702 2741 vocabulum
725 2675 835 2759 Soipio
857 2675 1009 2761 Maffejus
1036 2697 1101 2738 non
1128 2674 1303 2760 dedomo,

158 2784 219 2851 sed
241 2785 281 2852 de
303 2786 375 2852 loco
398 2796 586 2874 usurpatum
601 2783 681 2866 *esse
703 2787 885 2873 suspicatur
907 2788 956 2872 (in
979 2788 1071 2874 epist.
1093 2787 1136 2854 ad
1151 2787 1302 2872 Coletum

154 2898 231 2964 loe.¹
247 2897 300 2967 eit.
329 2919 402 2987 pag.
419 2901 513 2986 675),
550 2899 606 2985 qui
641 2900 724 2965 inter
757 2898 946 2965 Tridentum
985 2909 1022 2964 et
1049 2899 1210 2968 Veronam
1242 2925 1300 2987 po-

154 3005 236 3076 situs
259 3012 292 3078 in
315 3012 471 3078 Antonini
494 3011 664 3079 Itinerario
684 3021 890 3080 memoratur.
935 3011 1028 3080 Haeo
1051 3011 1301 3080 confusioPrin·

155 3122 237 3207 oipis
260 3124 428 3210 eujusdam
451 3124 593 3192 Gallieni
616 3149 690 3192 oum
705 3125 903 3216 Imperatore
926 3125 1035 3190 nostra
1057 3126 1214 3194 sententia
1235 3125 1301 3192 Ve-

157 3255 253 3298 ronae
275 3234 425 3301 facillime
448 3238 574 3302 evenire
597 3237 712 3323 potuit,
737 3238 813 3322 quia
834 3259 951 3318 nornen
972 3236 1066 3324 hujus
1083 3236 1301 3322 Imperatoris,

153 3344 209 3429 qui
240 3353 283 3410 ut.
299 3343 480 3411 Panvinins·
502 3345 582 3412 dieit
603 3371 673 3435 eap.
689 3349 735 3414 X.
757 3372 831 3434 pag.
851 3351 914 3416 112
945 3349 1088 3414 omnium
1120 3349 1302 3432 mortalium

151 3455 367 3552 nequissimus
394 3455 470 3538 fuit,
504 3443 695 3544 Caligulae,
724 3461 859 3527 Vittelio
882 3471 915 3528 et
936 3461 1152 3547 Heliogabalo
1176 3461 1300 3527 similli-

152 3589 242 3650 mus,
271 3591 329 3652 per
355 3569 467 3646 lunum
482 3578 527 3650 et,
544 3570 725 3637 socordiam
748 3573 858 3640 orbem
881 3583 1037 3640 terrarum
1061 3572 1300 3659 fereperdidit,

151 3717 193 3726 -
223 3678 465 3749 Veronensibus
488 3680 692 3767 singulariter
713 3683 834 3770 optime
856 3695 968 3758 notrnn
991 3685 1060 3750 fuit.
1116 3685 1183 3751 Hie
1214 3685 1299 3752 enim

150 3788 329 3876 Imperator
355 3815 465 3874 muros
489 3815 598 3858 eorum
623 3792 712 3860 urbis
735 3795 776 3862 de
798 3798 924 3885 integr'o
946 3795 1094 3862 eandidit
1115 3820 1234 3881 eosque
1259 3796 1301 3862 de

150 3923 209 3966 suo
231 3905 363 3999 nomine
382 3887 545 3973 dedioavit
566 3905 623 3990 (ol.
646 3905 836 3974 Panvinium
860 3897 929 3995 oap.
947 3909 992 3974 X.
1016 3931 1090 3995 pag.
1105 3909 1176 3973 112.
1221 3907 1293 3995 Ug·
1371 3907 1373 3914 '

149 4011 269 4079 hellam
291 4015 383 4082 Tom.
398 4015 441 4081 V.
463 4039 538 4106 pag.
551 4017 646 4103 665),
669 4017 729 4088 toti
750 4018 823 4084 urbi
846 4020 976 4104 quidem
1000 4019 1156 4089 Coloniae
1186 4020 1300 4107 Augu-

147 4135 216 4190 stae
238 4149 403 4212 novaeque
425 4128 593 4196 Gallienae
615 4151 732 4194 nomen
755 4129 916 4216 imposuit.
959 4131 1028 4198 Per.
1048 4132 1181 4217 longum
1215 4142 1297 4200 tem-

146 4259 208 4324 pus
231 4260 362 4323 quoque
381 4239 490 4306 tabula
511 4241 545 4306 in
566 4239 753 4309 memoriam
779 4241 875 4329 hujus
906 4243 983 4310 fa‘eti
1005 4243 1153 4310 Veronae
1184 4233 1287 4312 reser-

148 4349 284 4416 vabatur
306 4351 339 4416 in
360 4350 505 4438 publico,
537 4352 570 4420 in
593 4377 659 4441 qua
680 4343 777 4422 talem
804 4355 1060 4445 insoriptionem,
1093 4365 1174 4424 teste
1194 4358 1293 4424 Bian-
